419779201,0.06533000,0.11220000,0.00733002,1687132800974,True,True
419779202,0.06533000,0.01210000,0.00079049,1687132813554,True,True
419779203,0.06534000,1.25030000,0.08169460,1687132834098,False,True
419779204,0.06534000,0.27490000,0.01796196,1687132834929,False,True
419779205,0.06534000,0.22920000,0.01497592,1687132834929,False,True
419779206,0.06534000,0.00340000,0.00022215,1687132834929,False,True
419779207,0.06534000,0.03160000,0.00206474,1687132834929,False,True
419779208,0.06534000,0.00180000,0.00011761,1687132834929,False,True
419779209,0.06534000,0.00190000,0.00012414,1687132834929,False,True
419779210,0.06534000,0.03760000,0.00245678,1687132834929,False,True
419779211,0.06534000,0.00200000,0.00013068,1687132834929,False,True
419779212,0.06534000,0.01690000,0.00110424,1687132834929,False,True
419779213,0.06534000,0.14450000,0.00944163,1687132834929,False,True
419779214,0.06534000,0.08000000,0.00522720,1687132834929,False,True
419779215,0.06534000,0.04300000,0.00280962,1687132836152,True,True
419779216,0.06534000,0.16870000,0.01102285,1687132838547,True,True
419779217,0.06534000,0.03120000,0.00203860,1687132845392,True,True
419779218,0.06534000,0.00520000,0.00033976,1687132848967,True,True
419779219,0.06535000,0.03500000,0.00228725,1687132874288,False,True
419779220,0.06535000,0.00530000,0.00034635,1687132874288,False,True
419779221,0.06535000,0.17990000,0.01175646,1687132874288,False,True
419779222,0.06535000,0.00340000,0.00022219,1687132874288,False,True
419779223,0.06535000,0.02750000,0.00179712,1687132874288,False,True
419779224,0.06535000,1.00000000,0.06535000,1687132874288,False,True
419779225,0.06535000,0.01690000,0.00110441,1687132874288,False,True
419779226,0.06535000,0.00600000,0.00039210,1687132874288,False,True
419779227,0.06535000,0.16180000,0.01057363,1687132874288,False,True
419779228,0.06535000,0.20640000,0.01348824,1687132874291,False,True
419779229,0.06535000,0.15000000,0.00980250,1687132874291,False,True
419779230,0.06535000,5.81430000,0.37996450,1687132874291,False,True
419779231,0.06535000,1.17690000,0.07691041,1687132874291,False,True
419779232,0.06535000,0.03050000,0.00199317,1687132874291,False,True
419779233,0.06535000,3.20840000,0.20966894,1687132874291,False,True
419779234,0.06536000,1.53000000,0.10000080,1687132874316,False,True
419779235,0.06536000,0.01580000,0.00103268,1687132874316,False,True
419779236,0.06536000,0.02230000,0.00145752,1687132874316,False,True
419779237,0.06536000,0.13730000,0.00897392,1687132874316,False,True
419779238,0.06536000,0.00920000,0.00060131,1687132874316,False,True
419779239,0.06536000,0.00170000,0.00011111,1687132874316,False,True
419779240,0.06536000,0.00470000,0.00030719,1687132874316,False,True
419779241,0.06536000,0.04260000,0.00278433,1687132874316,False,True
419779242,0.06536000,0.02310000,0.00150981,1687132874316,False,True
419779243,0.06536000,0.00300000,0.00019608,1687132874316,False,True
419779244,0.06536000,0.00200000,0.00013072,1687132874316,False,True
419779245,0.06536000,0.00220000,0.00014379,1687132874316,False,True
419779246,0.06536000,0.01530000,0.00100000,1687132874316,False,True
419779247,0.06536000,0.01690000,0.00110458,1687132874316,False,True
419779248,0.06536000,0.00600000,0.00039216,1687132874316,False,True
419779249,0.06536000,0.00600000,0.00039216,1687132874316,False,True
419779250,0.06536000,1.04380000,0.06822276,1687132874316,False,True
419779251,0.06536000,0.40000000,0.02614400,1687132874316,False,True
419779252,0.06536000,1.71810000,0.11229501,1687132874316,False,True
419779253,0.06536000,0.22260000,0.01454913,1687132874318,False,True
419779254,0.06536000,0.14430000,0.00943144,1687132874318,False,True
419779255,0.06535000,0.23310000,0.01523308,1687132874349,True,True
419779256,0.06536000,2.05570000,0.13436055,1687132874382,False,True
419779257,0.06536000,0.11620000,0.00759483,1687132874382,False,True
419779258,0.06536000,0.45890000,0.02999370,1687132874382,False,True
419779259,0.06536000,0.46260000,0.03023553,1687132874382,False,True
419779260,0.06536000,0.08000000,0.00522880,1687132874382,False,True
419779261,0.06537000,0.14340000,0.00937405,1687132874446,False,True
419779262,0.06537000,0.00350000,0.00022879,1687132874446,False,True
419779263,0.06537000,0.00110000,0.00007190,1687132874477,False,True
419779264,0.06537000,0.00800000,0.00052296,1687132874477,False,True
419779265,0.06537000,0.00170000,0.00011112,1687132874477,False,True
419779266,0.06537000,0.00160000,0.00010459,1687132874477,False,True
419779267,0.06537000,0.00270000,0.00017649,1687132874477,False,True
419779268,0.06537000,0.03090000,0.00201993,1687132874477,False,True
419779269,0.06537000,0.00770000,0.00050334,1687132874477,False,True
419779270,0.06537000,0.00920000,0.00060140,1687132874570,False,True
419779271,0.06537000,0.00600000,0.00039222,1687132874570,False,True
419779272,0.06537000,0.00600000,0.00039222,1687132874570,False,True
419779273,0.06537000,0.00600000,0.00039222,1687132874570,False,True
419779274,0.06537000,0.00600000,0.00039222,1687132874570,False,True
419779275,0.06537000,0.46490000,0.03039051,1687132874570,False,True
419779276,0.06537000,0.11620000,0.00759599,1687132874570,False,True
419779277,0.06537000,1.59570000,0.10431090,1687132874570,False,True
419779278,0.06537000,0.15240000,0.00996238,1687132874787,True,True
419779279,0.06537000,0.58720000,0.03838526,1687132874787,True,True
419779280,0.06537000,0.10320000,0.00674618,1687132874792,True,True
419779281,0.06537000,0.14580000,0.00953094,1687132874792,True,True
419779282,0.06537000,0.43960000,0.02873665,1687132874794,True,True
419779283,0.06537000,0.14680000,0.00959631,1687132874819,True,True
419779284,0.06537000,0.38830000,0.02538317,1687132875161,True,True
419779285,0.06537000,0.92180000,0.06025806,1687132875161,True,True
419779286,0.06537000,0.24130000,0.01577378,1687132875161,True,True
419779287,0.06537000,0.11800000,0.00771366,1687132876158,True,True
419779288,0.06537000,0.40880000,0.02672325,1687132876329,True,True
419779289,0.06537000,1.53630000,0.10042793,1687132876329,True,True
419779290,0.06537000,2.56070000,0.16739295,1687132876329,True,True
419779291,0.06538000,0.00520000,0.00033997,1687132887204,False,True
419779292,0.06537000,0.10000000,0.00653700,1687132899470,True,True
419779293,0.06537000,0.20000000,0.01307400,1687132911865,True,True
419779294,0.06537000,0.00520000,0.00033992,1687132914825,True,True
419779295,0.06538000,1.52430000,0.09965873,1687132923290,False,True
419779296,0.06538000,0.02900000,0.00189602,1687132923290,False,True
419779297,0.06538000,0.00620000,0.00040535,1687132923290,False,True
419779298,0.06538000,0.06450000,0.00421701,1687132923290,False,True
419779299,0.06538000,0.00340000,0.00022229,1687132923290,False,True
419779300,0.06538000,0.09190000,0.00600842,1687132923290,False,True
419779301,0.06538000,0.00160000,0.00010460,1687132923290,False,True
419779302,0.06538000,0.00420000,0.00027459,1687132923290,False,True
419779303,0.06538000,0.02270000,0.00148412,1687132923290,False,True
419779304,0.06538000,0.00360000,0.00023536,1687132923290,False,True
419779305,0.06538000,0.06510000,0.00425623,1687132923290,False,True
419779306,0.06538000,0.07240000,0.00473351,1687132923290,False,True
419779307,0.06538000,0.01690000,0.00110492,1687132923290,False,True
419779308,0.06538000,0.27080000,0.01770490,1687132923290,False,True
419779309,0.06538000,0.08000000,0.00523040,1687132923290,False,True
419779310,0.06538000,0.15000000,0.00980700,1687132923290,False,True
419779311,0.06538000,0.03050000,0.00199409,1687132923290,False,True
419779312,0.06538000,0.57630000,0.03767849,1687132923290,False,True
419779313,0.06538000,0.00600000,0.00039228,1687132923290,False,True
419779314,0.06538000,0.46550000,0.03043439,1687132923290,False,True
419779315,0.06538000,0.05650000,0.00369397,1687132924167,True,True
419779316,0.06538000,0.76810000,0.05021837,1687132942932,True,True
419779317,0.06538000,0.23190000,0.01516162,1687132942932,True,True
419779318,0.06539000,0.04820000,0.00315179,1687132947738,False,True
419779319,0.06539000,0.02650000,0.00173283,1687132947738,False,True
419779320,0.06539000,0.00190000,0.00012424,1687132947738,False,True
419779321,0.06539000,0.00220000,0.00014385,1687132947738,False,True
419779322,0.06539000,0.00420000,0.00027463,1687132947738,False,True
419779323,0.06539000,0.01070000,0.00069967,1687132947738,False,True
419779324,0.06539000,0.00160000,0.00010462,1687132947738,False,True
419779325,0.06539000,0.06800000,0.00444652,1687132947738,False,True
419779326,0.06539000,0.00160000,0.00010462,1687132947738,False,True
419779327,0.06539000,0.00190000,0.00012424,1687132947738,False,True
419779328,0.06539000,0.02220000,0.00145165,1687132947738,False,True
419779329,0.06539000,0.00350000,0.00022886,1687132947738,False,True
419779330,0.06539000,0.00260000,0.00017001,1687132947738,False,True
419779331,0.06539000,0.00260000,0.00017001,1687132947738,False,True
419779332,0.06539000,0.00450000,0.00029425,1687132947738,False,True
419779333,0.06539000,0.01690000,0.00110509,1687132947738,False,True
419779334,0.06539000,0.04850000,0.00317141,1687132947738,False,True
419779335,0.06538000,1.00000000,0.06538000,1687132948536,True,True
419779336,0.06538000,0.30440000,0.01990167,1687132959815,True,True
419779337,0.06538000,0.69560000,0.04547832,1687132959815,True,True
419779338,0.06538000,0.22620000,0.01478895,1687132959886,True,True
419779339,0.06538000,0.10400000,0.00679952,1687132959886,True,True
419779340,0.06538000,0.77900000,0.05093102,1687132959965,True,True
419779341,0.06538000,1.34730000,0.08808647,1687132959965,True,True
419779342,0.06538000,0.01690000,0.00110492,1687132959965,True,True
419779343,0.06538000,0.09420000,0.00615879,1687132959965,True,True
419779344,0.06537000,1.00000000,0.06537000,1687132966714,True,True
419779345,0.06537000,4.80690000,0.31422705,1687132967278,True,True
419779346,0.06537000,1.52940000,0.09997687,1687132967278,True,True
419779347,0.06537000,1.52940000,0.09997687,1687132967278,True,True
419779348,0.06537000,0.01690000,0.00110475,1687132967278,True,True
419779349,0.06537000,3.11530000,0.20364716,1687132967278,True,True
419779350,0.06537000,5.80030000,0.37916561,1687132968011,True,True
419779351,0.06536000,0.01690000,0.00110458,1687132972104,True,True
419779352,0.06536000,0.98310000,0.06425541,1687132972104,True,True
419779353,0.06537000,0.57900000,0.03784923,1687132976019,False,True
419779354,0.06536000,0.53330000,0.03485648,1687132978062,True,True
419779355,0.06536000,0.46670000,0.03050351,1687132978062,True,True
419779356,0.06537000,0.95730000,0.06257870,1687132980833,False,True
419779357,0.06537000,0.92180000,0.06025806,1687132980833,False,True
419779358,0.06537000,0.01690000,0.00110475,1687132980833,False,True
419779359,0.06537000,0.69790000,0.04562172,1687132984853,True,True
419779360,0.06537000,0.30210000,0.01974827,1687132984853,True,True
419779361,0.06538000,0.00180000,0.00011768,1687132987473,False,True
419779362,0.06537000,0.92180000,0.06025806,1687132990343,True,True
419779363,0.06537000,0.07820000,0.00511193,1687132990343,True,True
419779364,0.06537000,0.68990000,0.04509876,1687132996810,True,True
419779365,0.06537000,0.31010000,0.02027123,1687132996810,True,True
419779366,0.06537000,1.00000000,0.06537000,1687133002394,True,True
419779367,0.06537000,0.22620000,0.01478669,1687133007477,True,True
419779368,0.06537000,0.77380000,0.05058330,1687133007477,True,True
419779369,0.06537000,1.00000000,0.06537000,1687133013905,True,True
419779370,0.06537000,1.53030000,0.10003571,1687133014974,True,True
419779371,0.06537000,2.36420000,0.15454775,1687133014978,True,True
419779372,0.06537000,1.90610000,0.12460175,1687133014993,True,True
419779373,0.06537000,0.17700000,0.01157049,1687133014993,True,True
419779374,0.06536000,1.00000000,0.06536000,1687133019766,True,True
419779375,0.06536000,0.06330000,0.00413728,1687133026864,True,True
419779376,0.06536000,0.93670000,0.06122271,1687133026864,True,True
419779377,0.06536000,1.00000000,0.06536000,1687133031247,True,True
419779378,0.06536000,1.00000000,0.06536000,1687133037731,True,True
419779379,0.06536000,2.86370000,0.18717143,1687133042175,True,True
419779380,0.06536000,0.24330000,0.01590208,1687133042175,True,True
419779381,0.06536000,1.00000000,0.06536000,1687133043169,True,True
419779382,0.06537000,1.72070000,0.11248215,1687133048275,False,True
419779383,0.06536000,1.00000000,0.06536000,1687133049191,True,True
419779384,0.06537000,0.22940000,0.01499587,1687133050514,False,True
419779385,0.06536000,0.00260000,0.00016993,1687133052588,True,True
419779386,0.06536000,0.06110000,0.00399349,1687133056253,True,True
419779387,0.06536000,0.20930000,0.01367984,1687133059814,True,True
419779388,0.06536000,0.05990000,0.00391506,1687133060286,True,True
419779389,0.06536000,0.19660000,0.01284977,1687133061338,True,True
419779390,0.06536000,0.80340000,0.05251022,1687133061338,True,True
419779391,0.06537000,0.77060000,0.05037412,1687133068166,False,True
419779392,0.06537000,0.36690000,0.02398425,1687133068166,False,True
419779393,0.06537000,1.92270000,0.12568689,1687133068166,False,True
419779394,0.06536000,0.72590000,0.04744482,1687133068297,True,True
419779395,0.06536000,0.01690000,0.00110458,1687133068297,True,True
419779396,0.06536000,0.25720000,0.01681059,1687133068297,True,True
419779397,0.06536000,0.02460000,0.00160785,1687133070020,True,True
419779398,0.06536000,1.24770000,0.08154967,1687133070607,True,True
419779399,0.06536000,1.27650000,0.08343204,1687133070607,True,True
419779400,0.06536000,1.99800000,0.13058928,1687133070611,True,True
419779401,0.06536000,1.00000000,0.06536000,1687133072670,True,True
419779402,0.06536000,0.01990000,0.00130066,1687133076605,True,True
419779403,0.06536000,5.77880000,0.37770236,1687133076695,True,True
419779404,0.06535000,0.01690000,0.00110441,1687133076701,True,True
419779405,0.06535000,5.35580000,0.35000153,1687133076701,True,True
419779406,0.06535000,0.03050000,0.00199317,1687133076701,True,True
419779407,0.06535000,0.00600000,0.00039210,1687133076701,True,True
419779408,0.06535000,0.45910000,0.03000218,1687133076701,True,True
419779409,0.06535000,1.20970000,0.07905389,1687133076701,True,True
419779410,0.06535000,5.79970000,0.37901039,1687133076701,True,True
419779411,0.06535000,0.04000000,0.00261400,1687133076701,True,True
419779412,0.06535000,0.16170000,0.01056709,1687133076701,True,True
419779413,0.06535000,1.52950000,0.09995282,1687133076701,True,True
419779414,0.06535000,4.00000000,0.26140000,1687133077480,False,True
419779415,0.06535000,0.38460000,0.02513361,1687133077480,False,True
419779416,0.06534000,0.01690000,0.00110424,1687133077809,True,True
419779417,0.06534000,0.08430000,0.00550816,1687133077809,True,True
419779418,0.06534000,1.00000000,0.06534000,1687133078913,True,True
419779419,0.06534000,0.44620000,0.02915470,1687133085361,True,True
419779420,0.06534000,0.15000000,0.00980100,1687133085361,True,True
419779421,0.06534000,0.40380000,0.02638429,1687133085361,True,True
419779422,0.06534000,0.18630000,0.01217284,1687133089425,True,True
419779423,0.06534000,1.00000000,0.06534000,1687133091782,True,True
419779424,0.06535000,0.38120000,0.02491142,1687133096053,False,True
419779425,0.06535000,0.12900000,0.00843015,1687133096053,False,True
419779426,0.06535000,0.01740000,0.00113709,1687133098347,False,True
419779427,0.06534000,1.00000000,0.06534000,1687133103108,True,True
419779428,0.06534000,1.00000000,0.06534000,1687133109827,True,True
419779429,0.06534000,1.00000000,0.06534000,1687133115781,True,True
419779430,0.06534000,1.00000000,0.06534000,1687133122585,True,True
419779431,0.06534000,0.09880000,0.00645559,1687133128735,True,True
419779432,0.06534000,0.90120000,0.05888440,1687133128735,True,True
419779433,0.06534000,1.00000000,0.06534000,1687133134148,True,True
419779434,0.06534000,1.00000000,0.06534000,1687133141854,True,True
419779435,0.06534000,0.01720000,0.00112384,1687133152303,True,True
419779436,0.06534000,0.03040000,0.00198633,1687133152303,True,True
419779437,0.06534000,0.95240000,0.06222981,1687133152303,True,True
419779438,0.06534000,1.00000000,0.06534000,1687133159249,True,True
419779439,0.06534000,0.21000000,0.01372140,1687133187448,True,True
419779440,0.06534000,0.08180000,0.00534481,1687133208327,True,True
419779441,0.06534000,0.20000000,0.01306800,1687133212429,True,True
419779442,0.06535000,1.14930000,0.07510675,1687133248102,False,True
419779443,0.06535000,0.01160000,0.00075806,1687133256800,False,True
419779444,0.06535000,0.14260000,0.00931891,1687133283557,False,True
419779445,0.06535000,0.01070000,0.00069924,1687133319504,False,True
419779446,0.06535000,0.03920000,0.00256172,1687133321620,False,True
419779447,0.06534000,0.04640000,0.00303177,1687133333470,True,True
419779448,0.06534000,0.01150000,0.00075141,1687133333473,True,True
419779449,0.06534000,0.00170000,0.00011107,1687133339299,True,True
419779450,0.06534000,0.00250000,0.00016335,1687133340892,True,True
419779451,0.06534000,0.03000000,0.00196020,1687133355704,True,True
419779452,0.06535000,0.04470000,0.00292114,1687133386879,False,True
419779453,0.06535000,0.50260000,0.03284491,1687133392947,False,True
419779454,0.06534000,0.00680000,0.00044431,1687133394801,True,True
419779455,0.06535000,0.29320000,0.01916062,1687133397372,False,True
419779456,0.06534000,0.14680000,0.00959191,1687133399629,True,True
419779457,0.06534000,0.46640000,0.03047457,1687133399629,True,True
419779458,0.06534000,0.15000000,0.00980100,1687133399629,True,True
419779459,0.06534000,0.03050000,0.00199287,1687133399629,True,True
419779460,0.06534000,5.26510000,0.34402163,1687133399629,True,True
419779461,0.06534000,0.53680000,0.03507451,1687133399629,True,True
419779462,0.06534000,0.04080000,0.00266587,1687133399629,True,True
419779463,0.06533000,0.01690000,0.00110407,1687133399629,True,True
419779464,0.06533000,0.36690000,0.02396957,1687133399629,True,True
419779465,0.06533000,0.00600000,0.00039198,1687133399629,True,True
419779466,0.06533000,0.35590000,0.02325094,1687133399629,True,True
419779467,0.06533000,5.29450000,0.34588968,1687133399629,True,True
419779468,0.06533000,0.11700000,0.00764361,1687133399828,True,True
419779469,0.06533000,0.33760000,0.02205540,1687133411113,True,True
419779470,0.06534000,0.24940000,0.01629579,1687133445496,False,True
419779471,0.06534000,1.53620000,0.10037530,1687133445752,False,True
419779472,0.06534000,0.92180000,0.06023041,1687133445752,False,True
419779473,0.06534000,0.97120000,0.06345820,1687133445752,False,True
419779474,0.06534000,0.56510000,0.03692363,1687133445756,False,True
419779475,0.06534000,0.01690000,0.00110424,1687133445756,False,True
419779476,0.06535000,0.05900000,0.00385565,1687133463047,False,True
419779477,0.06535000,0.11610000,0.00758713,1687133464840,False,True
419779478,0.06535000,4.29030000,0.28037110,1687133486767,False,True
419779479,0.06535000,0.01690000,0.00110441,1687133486767,False,True
419779480,0.06535000,0.00600000,0.00039210,1687133486767,False,True
419779481,0.06535000,1.00000000,0.06535000,1687133486767,False,True
419779482,0.06536000,0.00600000,0.00039216,1687133503926,False,True
419779483,0.06536000,0.01090000,0.00071242,1687133504281,False,True
419779484,0.06536000,0.02590000,0.00169282,1687133504281,False,True
419779485,0.06535000,1.00000000,0.06535000,1687133506610,True,True
419779486,0.06535000,0.63740000,0.04165409,1687133506610,True,True
419779487,0.06536000,0.02430000,0.00158824,1687133525829,False,True
419779488,0.06536000,0.65470000,0.04279119,1687133530287,False,True
419779489,0.06535000,0.01140000,0.00074499,1687133555192,True,True
419779490,0.06536000,0.76500000,0.05000040,1687133634497,False,True
419779491,0.06535000,1.00000000,0.06535000,1687133646367,True,True
419779492,0.06536000,0.06010000,0.00392813,1687133646696,False,True
419779493,0.06536000,0.00600000,0.00039216,1687133646696,False,True
419779494,0.06536000,0.00600000,0.00039216,1687133646696,False,True
419779495,0.06536000,0.00600000,0.00039216,1687133646696,False,True
419779496,0.06536000,0.00600000,0.00039216,1687133646696,False,True
419779497,0.06536000,0.52740000,0.03447086,1687133646696,False,True
419779498,0.06536000,0.15350000,0.01003276,1687133646696,False,True
419779499,0.06535000,1.00000000,0.06535000,1687133653338,True,True
419779500,0.06535000,1.00000000,0.06535000,1687133665659,True,True
419779501,0.06535000,0.35120000,0.02295092,1687133670954,True,True
419779502,0.06535000,0.64880000,0.04239908,1687133670954,True,True
419779503,0.06535000,0.27300000,0.01784055,1687133678059,True,True
419779504,0.06535000,0.72700000,0.04750945,1687133678059,True,True
419779505,0.06535000,0.80930000,0.05288775,1687133682448,True,True
419779506,0.06535000,0.19070000,0.01246224,1687133682448,True,True
419779507,0.06535000,0.31230000,0.02040880,1687133704801,True,True
419779508,0.06536000,0.76500000,0.05000040,1687133719589,False,True
419779509,0.06535000,0.06260000,0.00409091,1687133733159,True,True
419779510,0.06536000,0.42010000,0.02745773,1687133733858,False,True
419779511,0.06536000,0.01010000,0.00066013,1687133733858,False,True
419779512,0.06536000,0.00600000,0.00039216,1687133733858,False,True
419779513,0.06536000,0.00600000,0.00039216,1687133733858,False,True
419779514,0.06536000,0.00600000,0.00039216,1687133733858,False,True
419779515,0.06536000,0.00600000,0.00039216,1687133733858,False,True
419779516,0.06537000,0.01690000,0.00110475,1687133733858,False,True
419779517,0.06537000,0.08000000,0.00522960,1687133733858,False,True
419779518,0.06537000,0.00600000,0.00039222,1687133733858,False,True
419779519,0.06537000,0.00600000,0.00039222,1687133733858,False,True
419779520,0.06537000,0.00600000,0.00039222,1687133733858,False,True
419779521,0.06537000,0.19590000,0.01280598,1687133733858,False,True
419779522,0.06536000,0.02720000,0.00177779,1687133736171,True,True
419779523,0.06536000,0.01610000,0.00105229,1687133739625,True,True
419779524,0.06537000,0.76490000,0.05000151,1687133747127,False,True
419779525,0.06537000,0.10520000,0.00687692,1687133760140,False,True
419779526,0.06537000,0.76490000,0.05000151,1687133761825,False,True
419779527,0.06537000,0.76490000,0.05000151,1687133766095,False,True
419779528,0.06536000,5.82920000,0.38099651,1687133775469,True,True
419779529,0.06537000,0.01420000,0.00092825,1687133775807,False,True
419779530,0.06537000,0.01270000,0.00083019,1687133791319,False,True
419779531,0.06538000,0.01510000,0.00098723,1687133805040,False,True
419779532,0.06538000,0.08920000,0.00583189,1687133805040,False,True
419779533,0.06538000,0.87260000,0.05705058,1687133809438,False,True
419779534,0.06538000,0.56770000,0.03711622,1687133819394,False,True
419779535,0.06538000,0.03040000,0.00198755,1687133819394,False,True
419779536,0.06538000,0.15000000,0.00980700,1687133819394,False,True
419779537,0.06538000,0.00600000,0.00039228,1687133819394,False,True
419779538,0.06538000,1.33080000,0.08700770,1687133819394,False,True
419779539,0.06538000,0.41630000,0.02721769,1687133819394,False,True
419779540,0.06538000,0.24460000,0.01599194,1687133819394,False,True
419779541,0.06539000,0.01690000,0.00110509,1687133819400,False,True
419779542,0.06539000,1.98760000,0.12996916,1687133819400,False,True
419779543,0.06539000,0.05790000,0.00378608,1687133819401,False,True
419779544,0.06539000,1.41010000,0.09220643,1687133819401,False,True
419779545,0.06539000,0.18990000,0.01241756,1687133819401,False,True
419779546,0.06539000,0.00600000,0.00039234,1687133819401,False,True
419779547,0.06539000,1.60000000,0.10462400,1687133819401,False,True
419779548,0.06539000,1.31850000,0.08621671,1687133819401,False,True
419779549,0.06539000,0.28150000,0.01840728,1687133819401,False,True
419779550,0.06539000,0.31900000,0.02085941,1687133819401,False,True
419779551,0.06539000,0.08000000,0.00523120,1687133819401,False,True
419779552,0.06539000,0.93820000,0.06134889,1687133819401,False,True
419779553,0.06539000,0.40180000,0.02627370,1687133819408,False,True
419779554,0.06539000,0.73190000,0.04785894,1687133819408,False,True
419779555,0.06540000,0.15230000,0.00996042,1687133823121,False,True
419779556,0.06540000,0.44180000,0.02889372,1687133828240,False,True
419779557,0.06540000,0.01140000,0.00074556,1687133829291,False,True
419779558,0.06540000,0.01430000,0.00093522,1687133829291,False,True
419779559,0.06540000,0.21380000,0.01398252,1687133829291,False,True
419779560,0.06540000,0.71800000,0.04695720,1687133829291,False,True
419779561,0.06540000,0.00170000,0.00011118,1687133829291,False,True
419779562,0.06540000,0.15480000,0.01012392,1687133829291,False,True
419779563,0.06540000,0.01070000,0.00069978,1687133829291,False,True
419779564,0.06540000,0.04430000,0.00289722,1687133829291,False,True
419779565,0.06540000,0.00440000,0.00028776,1687133829291,False,True
419779566,0.06540000,0.04340000,0.00283836,1687133829291,False,True
419779567,0.06540000,0.01180000,0.00077172,1687133829291,False,True
419779568,0.06540000,0.00720000,0.00047088,1687133829291,False,True
419779569,0.06540000,0.03500000,0.00228900,1687133829291,False,True
419779570,0.06540000,0.00160000,0.00010464,1687133829291,False,True
419779571,0.06540000,0.05700000,0.00372780,1687133829291,False,True
419779572,0.06540000,0.00760000,0.00049704,1687133829291,False,True
419779573,0.06540000,0.01190000,0.00077826,1687133829291,False,True
419779574,0.06540000,0.00170000,0.00011118,1687133829291,False,True
419779575,0.06540000,0.00220000,0.00014388,1687133829291,False,True
419779576,0.06540000,0.01410000,0.00092214,1687133829291,False,True
419779577,0.06540000,0.00230000,0.00015042,1687133829291,False,True
419779578,0.06540000,0.03640000,0.00238056,1687133829291,False,True
419779579,0.06540000,0.00850000,0.00055590,1687133829291,False,True
419779580,0.06540000,1.43910000,0.09411714,1687133829291,False,True
419779581,0.06540000,0.00330000,0.00021582,1687133829291,False,True
419779582,0.06540000,0.00370000,0.00024198,1687133829291,False,True
419779583,0.06540000,0.00810000,0.00052974,1687133829291,False,True
419779584,0.06540000,0.01420000,0.00092868,1687133829291,False,True
419779585,0.06540000,0.00450000,0.00029430,1687133829291,False,True
419779586,0.06540000,0.03010000,0.00196854,1687133829291,False,True
419779587,0.06540000,0.76690000,0.05015526,1687133829291,False,True
419779588,0.06540000,0.02110000,0.00137994,1687133829291,False,True
419779589,0.06540000,0.00180000,0.00011772,1687133829291,False,True
419779590,0.06540000,0.14480000,0.00946992,1687133829291,False,True
419779591,0.06540000,0.01560000,0.00102024,1687133829291,False,True
419779592,0.06540000,0.00170000,0.00011118,1687133829291,False,True
419779593,0.06540000,0.16850000,0.01101990,1687133829291,False,True
419779594,0.06540000,0.00310000,0.00020274,1687133829291,False,True
419779595,0.06540000,0.00170000,0.00011118,1687133829291,False,True
419779596,0.06540000,0.86710000,0.05670834,1687133829291,False,True
419779597,0.06540000,0.15000000,0.00981000,1687133829291,False,True
419779598,0.06540000,0.03040000,0.00198816,1687133829291,False,True
419779599,0.06540000,0.01690000,0.00110526,1687133829291,False,True
419779600,0.06540000,0.00600000,0.00039240,1687133829291,False,True
419779601,0.06541000,0.08870000,0.00580186,1687133830053,False,True
419779602,0.06541000,0.00160000,0.00010465,1687133830053,False,True
419779603,0.06541000,0.00270000,0.00017660,1687133830053,False,True
419779604,0.06541000,0.01250000,0.00081762,1687133830053,False,True
419779605,0.06541000,0.00180000,0.00011773,1687133830053,False,True
419779606,0.06541000,0.00230000,0.00015044,1687133830053,False,True
419779607,0.06541000,0.00200000,0.00013082,1687133830053,False,True
419779608,0.06541000,0.00160000,0.00010465,1687133830053,False,True
419779609,0.06541000,0.00170000,0.00011119,1687133830053,False,True
419779610,0.06541000,0.01510000,0.00098769,1687133830053,False,True
419779611,0.06541000,0.01060000,0.00069334,1687133830053,False,True
419779612,0.06541000,0.02410000,0.00157638,1687133830053,False,True
419779613,0.06541000,0.00220000,0.00014390,1687133830053,False,True
419779614,0.06541000,0.00340000,0.00022239,1687133830053,False,True
419779615,0.06541000,0.07750000,0.00506927,1687133830053,False,True
419779616,0.06541000,0.00840000,0.00054944,1687133830053,False,True
419779617,0.06541000,0.02000000,0.00130820,1687133830053,False,True
419779618,0.06541000,0.01690000,0.00110542,1687133830053,False,True
419779619,0.06541000,0.45370000,0.02967651,1687133830053,False,True
419779620,0.06541000,0.45060000,0.02947374,1687133830334,True,True
419779621,0.06541000,1.25890000,0.08234464,1687133831052,True,True
419779622,0.06541000,0.73190000,0.04787357,1687133831052,True,True
419779623,0.06541000,1.72070000,0.11255098,1687133831052,True,True
419779624,0.06541000,1.00000000,0.06541000,1687133831052,True,True
419779625,0.06541000,1.53630000,0.10048938,1687133831052,True,True
419779626,0.06541000,0.76810000,0.05024142,1687133831052,True,True
419779627,0.06541000,0.92180000,0.06029493,1687133831052,True,True
419779628,0.06541000,1.05190000,0.06880477,1687133831052,True,True
419779629,0.06541000,4.16950000,0.27272699,1687133831142,True,True
419779630,0.06541000,1.12110000,0.07333115,1687133831142,True,True
419779631,0.06541000,0.34810000,0.02276922,1687133831335,True,True
419779632,0.06540000,0.73130000,0.04782702,1687133840024,True,True
419779633,0.06540000,0.01690000,0.00110526,1687133840024,True,True
419779634,0.06540000,1.01520000,0.06639408,1687133840024,True,True
419779635,0.06540000,0.62460000,0.04084884,1687133840024,True,True
419779636,0.06540000,0.04510000,0.00294954,1687133840046,False,True
419779637,0.06540000,0.00230000,0.00015042,1687133841798,False,True
419779638,0.06539000,0.00340000,0.00022232,1687133845090,True,True
419779639,0.06540000,0.00560000,0.00036624,1687133869278,False,True
419779640,0.06539000,0.04870000,0.00318449,1687133877867,True,True
419779641,0.06539000,0.29380000,0.01921158,1687133878341,True,True
419779642,0.06539000,0.38530000,0.02519476,1687133901341,True,True
419779643,0.06539000,1.52870000,0.09996169,1687133901341,True,True
419779644,0.06539000,1.52880000,0.09996823,1687133901341,True,True
419779645,0.06539000,0.01690000,0.00110509,1687133901341,True,True
419779646,0.06539000,0.98520000,0.06442222,1687133901341,True,True
419779647,0.06539000,0.05020000,0.00328257,1687133904537,False,True
419779648,0.06538000,0.01690000,0.00110492,1687133924393,True,True
419779649,0.06538000,0.18310000,0.01197107,1687133924393,True,True
419779650,0.06538000,0.30000000,0.01961400,1687133930178,True,True
419779651,0.06539000,0.02830000,0.00185053,1687134000555,False,True
419779652,0.06539000,0.12330000,0.00806258,1687134006915,False,True
419779653,0.06539000,0.56630000,0.03703035,1687134014146,False,True
419779654,0.06539000,0.20400000,0.01333956,1687134014146,False,True
419779655,0.06539000,0.22360000,0.01462120,1687134030684,False,True
419779656,0.06539000,0.00590000,0.00038580,1687134033360,False,True
419779657,0.06538000,0.10840000,0.00708719,1687134033440,True,True
419779658,0.06539000,0.29820000,0.01949929,1687134098602,False,True
419779659,0.06539000,0.23960000,0.01566744,1687134098602,False,True
419779660,0.06539000,0.32620000,0.02133021,1687134182672,False,True
419779661,0.06538000,0.93800000,0.06132644,1687134195111,True,True
419779662,0.06538000,6.90370000,0.45136390,1687134195111,True,True
419779663,0.06538000,0.02570000,0.00168026,1687134246022,True,True
419779664,0.06539000,0.22960000,0.01501354,1687134250839,False,True
419779665,0.06537000,0.01690000,0.00110475,1687134271430,True,True
419779666,0.06537000,3.90000000,0.25494300,1687134271430,True,True
419779667,0.06537000,0.78890000,0.05157039,1687134271430,True,True
419779668,0.06537000,2.24740000,0.14691253,1687134271431,True,True
419779669,0.06537000,0.08980000,0.00587022,1687134271431,True,True
419779670,0.06537000,0.00410000,0.00026801,1687134272266,False,True
419779671,0.06536000,0.00590000,0.00038562,1687134286036,True,True
419779672,0.06536000,0.00630000,0.00041176,1687134292547,True,True
419779673,0.06536000,0.00470000,0.00030719,1687134296372,True,True
419779674,0.06536000,1.53000000,0.10000080,1687134296372,True,True
419779675,0.06536000,0.03040000,0.00198694,1687134296372,True,True
419779676,0.06535000,0.01690000,0.00110441,1687134298651,True,True
419779677,0.06535000,0.05410000,0.00353543,1687134298651,True,True
419779678,0.06535000,0.06850000,0.00447647,1687134298651,True,True
419779679,0.06536000,0.07400000,0.00483664,1687134316530,False,True
419779680,0.06535000,0.62040000,0.04054314,1687134320891,True,True
419779681,0.06535000,0.00410000,0.00026793,1687134328367,True,True
419779682,0.06536000,0.76500000,0.05000040,1687134348918,False,True
419779683,0.06536000,0.16100000,0.01052296,1687134352184,False,True
419779684,0.06536000,0.60400000,0.03947744,1687134352184,False,True
419779685,0.06536000,0.76490000,0.04999386,1687134356448,False,True
419779686,0.06536000,0.03820000,0.00249675,1687134359414,False,True
419779687,0.06536000,0.05600000,0.00366016,1687134360419,False,True
419779688,0.06536000,0.76500000,0.05000040,1687134360717,False,True
419779689,0.06536000,0.05600000,0.00366016,1687134361414,False,True
419779690,0.06536000,0.05600000,0.00366016,1687134362414,False,True
419779691,0.06536000,0.04920000,0.00321571,1687134363419,False,True
419779692,0.06536000,0.76500000,0.05000040,1687134363986,False,True
419779693,0.06536000,0.02800000,0.00183008,1687134364413,False,True
419779694,0.06536000,0.02240000,0.00146406,1687134365418,False,True
419779695,0.06536000,0.00560000,0.00036601,1687134366415,False,True
419779696,0.06536000,0.00320000,0.00020915,1687134367418,False,True
419779697,0.06535000,0.01160000,0.00075806,1687134367550,True,True
419779698,0.06536000,0.76500000,0.05000040,1687134377256,False,True
419779699,0.06535000,0.00400000,0.00026140,1687134390216,True,True
419779700,0.06536000,0.02150000,0.00140524,1687134391526,False,True
419779701,0.06536000,0.74350000,0.04859516,1687134391526,False,True
419779702,0.06536000,0.76500000,0.05000040,1687134403795,False,True
419779703,0.06536000,0.76500000,0.05000040,1687134415067,False,True
419779704,0.06536000,0.76500000,0.05000040,1687134424339,False,True
419779705,0.06536000,0.76500000,0.05000040,1687134429614,False,True
419779706,0.06535000,0.06090000,0.00397981,1687134429628,True,True
419779707,0.06536000,0.76500000,0.05000040,1687134443889,False,True
419779708,0.06535000,0.00610000,0.00039863,1687134446517,True,True
419779709,0.06536000,0.76490000,0.04999386,1687134455207,False,True
419779710,0.06536000,0.06140000,0.00401310,1687134468524,False,True
419779711,0.06536000,0.70360000,0.04598729,1687134468524,False,True
419779712,0.06536000,0.76500000,0.05000040,1687134479842,False,True
419779713,0.06536000,0.00810000,0.00052941,1687134483045,False,True
419779714,0.06536000,0.76500000,0.05000040,1687134483157,False,True
419779715,0.06536000,0.76500000,0.05000040,1687134494475,False,True
419779716,0.06535000,0.04570000,0.00298649,1687134502165,True,True
419779717,0.06535000,0.04640000,0.00303224,1687134502165,True,True
419779718,0.06535000,0.01130000,0.00073845,1687134502167,True,True
419779719,0.06535000,0.01140000,0.00074499,1687134502168,True,True
419779720,0.06536000,0.02640000,0.00172550,1687134502168,False,True
419779721,0.06536000,0.01390000,0.00090850,1687134502169,False,True
419779722,0.06536000,0.02580000,0.00168628,1687134502169,False,True
419779723,0.06536000,0.01750000,0.00114380,1687134502170,False,True
419779724,0.06536000,0.01720000,0.00112419,1687134502171,False,True
419779725,0.06536000,0.76500000,0.05000040,1687134507789,False,True
419779726,0.06536000,0.18890000,0.01234650,1687134515745,False,True
419779727,0.06536000,0.76500000,0.05000040,1687134516107,False,True
419779728,0.06536000,1.75690000,0.11483098,1687134517275,False,True
419779729,0.06536000,0.75940000,0.04963438,1687134517275,False,True
419779730,0.06536000,0.01690000,0.00110458,1687134517275,False,True
419779731,0.06536000,0.20130000,0.01315696,1687134517275,False,True
419779732,0.06536000,0.86410000,0.05647757,1687134517277,False,True
419779733,0.06536000,1.99440000,0.13035398,1687134517277,False,True
419779734,0.06536000,2.37790000,0.15541954,1687134517279,False,True
419779735,0.06536000,1.42800000,0.09333408,1687134517280,False,True
419779736,0.06536000,1.96530000,0.12845200,1687134517280,False,True
419779737,0.06536000,0.02860000,0.00186929,1687134523162,True,True
419779738,0.06537000,0.76490000,0.05000151,1687134530849,False,True
419779739,0.06536000,0.04630000,0.00302616,1687134549299,True,True
419779740,0.06536000,0.01150000,0.00075164,1687134549301,True,True
419779741,0.06536000,0.14010000,0.00915693,1687134550518,True,True
419779742,0.06536000,0.05680000,0.00371244,1687134565664,True,True
419779743,0.06536000,0.08480000,0.00554252,1687134567417,True,True
419779744,0.06537000,0.10230000,0.00668735,1687134571470,False,True
419779745,0.06536000,0.04630000,0.00302616,1687134573878,True,True
419779746,0.06536000,0.01170000,0.00076471,1687134573879,True,True
419779747,0.06536000,0.04470000,0.00292159,1687134576774,True,True
419779748,0.06536000,0.29730000,0.01943152,1687134577343,True,True
419779749,0.06536000,1.00000000,0.06536000,1687134577343,True,True
419779750,0.06536000,0.00290000,0.00018954,1687134577343,True,True
419779751,0.06536000,0.47200000,0.03084992,1687134602800,False,True
419779752,0.06535000,0.41060000,0.02683271,1687134605279,True,True
419779753,0.06535000,0.03040000,0.00198664,1687134605279,True,True
419779754,0.06535000,0.59850000,0.03911197,1687134605279,True,True
419779755,0.06535000,0.01690000,0.00110441,1687134605279,True,True
419779756,0.06535000,0.15000000,0.00980250,1687134605279,True,True
419779757,0.06535000,4.43180000,0.28961813,1687134605279,True,True
419779758,0.06535000,0.15290000,0.00999201,1687134611735,False,True
419779759,0.06535000,0.06880000,0.00449608,1687134618650,False,True
419779760,0.06535000,0.21180000,0.01384113,1687134628958,False,True
419779761,0.06535000,0.62090000,0.04057581,1687134630064,False,True
419779762,0.06534000,0.00650000,0.00042471,1687134634108,True,True
419779763,0.06534000,0.18870000,0.01232965,1687134642698,True,True
419779764,0.06534000,0.16420000,0.01072882,1687134650839,True,True
419779765,0.06535000,0.03380000,0.00220883,1687134660529,False,True
419779766,0.06535000,0.02250000,0.00147037,1687134660531,False,True
419779767,0.06534000,0.99970000,0.06532039,1687134683998,True,True
419779768,0.06534000,0.02060000,0.00134600,1687134696255,True,True
419779769,0.06535000,0.02460000,0.00160761,1687134710727,False,True
419779770,0.06535000,0.00290000,0.00018951,1687134713488,False,True
419779771,0.06535000,0.13780000,0.00900523,1687134713501,False,True
419779772,0.06535000,0.09990000,0.00652846,1687134740006,False,True
419779773,0.06534000,0.05400000,0.00352836,1687134765251,True,True
419779774,0.06534000,0.01560000,0.00101930,1687134792571,True,True
419779775,0.06534000,0.05470000,0.00357409,1687134792911,True,True
419779776,0.06534000,0.02650000,0.00173151,1687134795409,True,True
419779777,0.06534000,0.01690000,0.00110424,1687134795409,True,True
419779778,0.06534000,3.03610000,0.19837877,1687134795409,True,True
419779779,0.06534000,0.08000000,0.00522720,1687134795409,True,True
419779780,0.06534000,0.38000000,0.02482920,1687134803183,False,True
419779781,0.06533000,0.01690000,0.00110407,1687134910843,True,True
419779782,0.06533000,0.24530000,0.01602544,1687134910843,True,True
419779783,0.06533000,0.03050000,0.00199256,1687134910843,True,True
419779784,0.06533000,0.06000000,0.00391980,1687134910843,True,True
419779785,0.06533000,0.15000000,0.00979950,1687134910843,True,True
419779786,0.06533000,0.13000000,0.00849290,1687134911502,False,True
419779787,0.06533000,0.08000000,0.00522640,1687134915602,False,True
419779788,0.06533000,0.21000000,0.01371930,1687134915602,False,True
419779789,0.06533000,0.02000000,0.00130660,1687134917826,False,True
419779790,0.06533000,0.35190000,0.02298962,1687134918354,False,True
419779791,0.06533000,0.11610000,0.00758481,1687134918354,False,True
419779792,0.06533000,0.67900000,0.04435907,1687134918354,False,True
419779793,0.06532000,0.13000000,0.00849160,1687134919053,True,True
419779794,0.06533000,0.18000000,0.01175940,1687134919221,False,True
419779795,0.06533000,0.14100000,0.00921153,1687134919853,False,True
419779796,0.06533000,0.07900000,0.00516107,1687134919853,False,True
419779797,0.06533000,0.08000000,0.00522640,1687134919853,False,True
419779798,0.06533000,0.15000000,0.00979950,1687134920537,False,True
419779799,0.06533000,0.15000000,0.00979950,1687134921848,False,True
419779800,0.06533000,0.08000000,0.00522640,1687134922851,False,True
419779801,0.06533000,0.07000000,0.00457310,1687134922851,False,True
419779802,0.06533000,0.15000000,0.00979950,1687134923822,False,True
419779803,0.06533000,0.07000000,0.00457310,1687134924417,False,True
419779804,0.06533000,0.08000000,0.00522640,1687134924417,False,True
419779805,0.06533000,0.08000000,0.00522640,1687134929210,False,True
419779806,0.06533000,0.58000000,0.03789140,1687134930592,False,True
419779807,0.06533000,0.02000000,0.00130660,1687134930840,False,True
419779808,0.06533000,0.15000000,0.00979950,1687134932830,False,True
419779809,0.06533000,0.08000000,0.00522640,1687134933026,False,True
419779810,0.06533000,0.02460000,0.00160711,1687134933027,False,True
419779811,0.06533000,0.30540000,0.01995178,1687134933027,False,True
419779812,0.06533000,0.11000000,0.00718630,1687134933418,False,True
419779813,0.06533000,0.07000000,0.00457310,1687134935850,False,True
419779814,0.06533000,0.08000000,0.00522640,1687134935850,False,True
419779815,0.06533000,0.07460000,0.00487361,1687134936892,False,True
419779816,0.06533000,0.98610000,0.06442191,1687134937043,False,True
419779817,0.06533000,0.12000000,0.00783960,1687134937776,False,True
419779818,0.06533000,0.54000000,0.03527820,1687134939922,False,True
419779819,0.06533000,0.08000000,0.00522640,1687134940015,False,True
419779820,0.06533000,0.14000000,0.00914620,1687134940015,False,True
419779821,0.06533000,0.15000000,0.00979950,1687134940525,False,True
419779822,0.06533000,0.31000000,0.02025230,1687134941164,False,True
419779823,0.06533000,0.10650000,0.00695764,1687134943854,False,True
419779824,0.06533000,0.12350000,0.00806825,1687134943854,False,True
419779825,0.06533000,0.08000000,0.00522640,1687134943854,False,True
419779826,0.06533000,0.25000000,0.01633250,1687134945851,False,True
419779827,0.06533000,0.08000000,0.00522640,1687134945919,False,True
419779828,0.06533000,0.07000000,0.00457310,1687134945923,False,True
419779829,0.06533000,0.16460000,0.01075331,1687134947580,False,True
419779830,0.06533000,0.02540000,0.00165938,1687134947580,False,True
419779831,0.06533000,0.08000000,0.00522640,1687134947833,False,True
419779832,0.06533000,0.07000000,0.00457310,1687134947833,False,True
419779833,0.06533000,0.08000000,0.00522640,1687134949039,False,True
419779834,0.06533000,0.08000000,0.00522640,1687134950874,False,True
419779835,0.06533000,0.07000000,0.00457310,1687134950875,False,True
419779836,0.06533000,0.15000000,0.00979950,1687134951474,False,True
419779837,0.06533000,0.15000000,0.00979950,1687134952243,False,True
419779838,0.06533000,0.08000000,0.00522640,1687134954001,False,True
419779839,0.06533000,0.07000000,0.00457310,1687134954002,False,True
419779840,0.06533000,0.15000000,0.00979950,1687134954604,False,True
419779841,0.06533000,0.08000000,0.00522640,1687134954757,False,True
419779842,0.06533000,0.02000000,0.00130660,1687134954758,False,True
419779843,0.06533000,0.51000000,0.03331830,1687134955202,False,True
419779844,0.06533000,0.28760000,0.01878890,1687134956848,False,True
419779845,0.06533000,0.47770000,0.03120814,1687134956848,False,True
419779846,0.06533000,0.15000000,0.00979950,1687134958843,False,True
419779847,0.06533000,0.08000000,0.00522640,1687134959489,False,True
419779848,0.06533000,0.07000000,0.00457310,1687134959490,False,True
419779849,0.06533000,0.15000000,0.00979950,1687134960863,False,True
419779850,0.06533000,0.02000000,0.00130660,1687134962344,False,True
419779851,0.06533000,0.08000000,0.00522640,1687134962344,False,True
419779852,0.06533000,0.07000000,0.00457310,1687134962899,False,True
419779853,0.06533000,0.60700000,0.03965531,1687134966321,False,True
419779854,0.06533000,0.76530000,0.04999704,1687134971299,False,True
419779855,0.06533000,0.26350000,0.01721445,1687134972251,False,True
419779856,0.06533000,0.76530000,0.04999704,1687134974569,False,True
419779857,0.06533000,0.76540000,0.05000358,1687134987836,False,True
419779858,0.06533000,0.10000000,0.00653300,1687135006012,False,True
419779859,0.06533000,0.02000000,0.00130660,1687135022301,False,True
419779860,0.06533000,0.08000000,0.00522640,1687135022301,False,True
419779861,0.06532000,0.04630000,0.00302431,1687135023759,True,True
419779862,0.06532000,0.01160000,0.00075771,1687135023761,True,True
419779863,0.06532000,0.00760000,0.00049643,1687135023815,True,True
419779864,0.06532000,0.03870000,0.00252788,1687135023815,True,True
419779865,0.06532000,0.01160000,0.00075771,1687135023818,True,True
419779866,0.06532000,0.02340000,0.00152848,1687135023928,True,True
419779867,0.06532000,0.01560000,0.00101899,1687135023930,True,True
419779868,0.06532000,0.04630000,0.00302431,1687135023958,True,True
419779869,0.06532000,0.01160000,0.00075771,1687135023959,True,True
419779870,0.06532000,0.04630000,0.00302431,1687135024085,True,True
419779871,0.06532000,0.01160000,0.00075771,1687135024088,True,True
419779872,0.06532000,0.00290000,0.00018942,1687135027969,True,True
419779873,0.06532000,0.19780000,0.01292029,1687135029739,True,True
419779874,0.06532000,1.12510000,0.07349153,1687135036233,True,True
419779875,0.06532000,0.01690000,0.00110390,1687135036233,True,True
419779876,0.06532000,0.20870000,0.01363228,1687135036233,True,True
419779877,0.06533000,0.03430000,0.00224081,1687135036838,False,True
419779878,0.06533000,0.05000000,0.00326650,1687135056473,False,True
419779879,0.06532000,0.43490000,0.02840766,1687135063708,True,True
419779880,0.06532000,0.04120000,0.00269118,1687135063714,True,True
419779881,0.06532000,0.06960000,0.00454627,1687135073913,True,True
419779882,0.06532000,0.01750000,0.00114310,1687135073915,True,True
419779883,0.06532000,0.06960000,0.00454627,1687135073931,True,True
419779884,0.06532000,0.01750000,0.00114310,1687135073933,True,True
419779885,0.06532000,0.06960000,0.00454627,1687135073953,True,True
419779886,0.06532000,0.01750000,0.00114310,1687135080012,True,True
419779887,0.06532000,0.05800000,0.00378856,1687135080049,True,True
419779888,0.06532000,0.19750000,0.01290070,1687135083366,True,True
419779889,0.06533000,0.73760000,0.04818740,1687135096050,False,True
419779890,0.06532000,0.03050000,0.00199226,1687135119738,True,True
419779891,0.06532000,0.15000000,0.00979800,1687135119738,True,True
419779892,0.06531000,0.00950000,0.00062044,1687135119738,True,True
419779893,0.06532000,0.02790000,0.00182242,1687135184740,False,True
419779894,0.06531000,0.00740000,0.00048329,1687135197601,True,True
419779895,0.06531000,0.00020000,0.00001306,1687135197601,True,True
419779896,0.06530000,0.35780000,0.02336434,1687135209304,True,True
419779897,0.06531000,0.01090000,0.00071187,1687135229279,False,True
419779898,0.06531000,0.67310000,0.04396016,1687135244916,False,True
419779899,0.06531000,1.14760000,0.07494975,1687135246185,False,True
419779900,0.06531000,0.16570000,0.01082186,1687135263329,False,True
419779901,0.06531000,0.16570000,0.01082186,1687135265328,False,True
419779902,0.06531000,0.16570000,0.01082186,1687135266330,False,True
419779903,0.06531000,0.01860000,0.00121476,1687135295704,False,True
419779904,0.06531000,0.01800000,0.00117558,1687135296595,False,True
419779905,0.06531000,0.00540000,0.00035267,1687135297599,False,True
419779906,0.06531000,0.00360000,0.00023511,1687135298598,False,True
419779907,0.06531000,0.00180000,0.00011755,1687135299595,False,True
419779908,0.06531000,0.00360000,0.00023511,1687135300597,False,True
419779909,0.06530000,0.50000000,0.03265000,1687135311836,True,True
419779910,0.06531000,0.45930000,0.02999688,1687135341560,False,True
419779911,0.06531000,1.16100000,0.07582491,1687135343949,False,True
419779912,0.06531000,0.79180000,0.05171245,1687135343949,False,True
419779913,0.06531000,1.32280000,0.08639206,1687135343949,False,True
419779914,0.06531000,0.21350000,0.01394368,1687135343953,False,True
419779915,0.06531000,0.92180000,0.06020275,1687135343953,False,True
419779916,0.06531000,0.79270000,0.05177123,1687135343953,False,True
419779917,0.06530000,0.67360000,0.04398608,1687135347254,True,True
419779918,0.06530000,0.01690000,0.00110357,1687135347254,True,True
419779919,0.06530000,5.77760000,0.37727728,1687135347254,True,True
419779920,0.06530000,5.22090000,0.34092477,1687135347254,True,True
419779921,0.06531000,0.59190000,0.03865698,1687135351194,False,True
419779922,0.06531000,0.08450000,0.00551869,1687135351194,False,True
419779923,0.06531000,0.00490000,0.00032001,1687135351194,False,True
419779924,0.06531000,0.79640000,0.05201288,1687135351194,False,True
419779925,0.06531000,0.01690000,0.00110373,1687135351194,False,True
419779926,0.06531000,0.00620000,0.00040492,1687135354547,True,True
419779927,0.06532000,0.03080000,0.00201185,1687135367311,False,True
419779928,0.06532000,0.96920000,0.06330814,1687135368899,False,True
419779929,0.06532000,0.01690000,0.00110390,1687135368899,False,True
419779930,0.06532000,0.90450000,0.05908194,1687135368899,False,True
419779931,0.06532000,0.62640000,0.04091644,1687135368904,False,True
419779932,0.06533000,0.01690000,0.00110407,1687135380668,False,True
419779933,0.06533000,0.02940000,0.00192070,1687135380668,False,True
419779934,0.06533000,0.00420000,0.00027438,1687135380669,False,True
419779935,0.06533000,0.01170000,0.00076436,1687135380670,False,True
419779936,0.06532000,0.02900000,0.00189428,1687135382135,True,True
419779937,0.06532000,0.80630000,0.05266751,1687135385448,True,True
419779938,0.06532000,0.78830000,0.05149175,1687135385448,True,True
419779939,0.06534000,0.01690000,0.00110424,1687135399344,False,True
419779940,0.06534000,0.02950000,0.00192753,1687135399344,False,True
419779941,0.06534000,0.01160000,0.00075794,1687135399346,False,True
419779942,0.06533000,1.53630000,0.10036647,1687135470414,True,True
419779943,0.06533000,0.92180000,0.06022119,1687135470414,True,True
419779944,0.06533000,0.76810000,0.05017997,1687135470414,True,True
419779945,0.06533000,4.00000000,0.26132000,1687135470414,True,True
419779946,0.06533000,1.48830000,0.09723063,1687135470414,True,True
419779947,0.06533000,0.83530000,0.05457014,1687135470414,True,True
419779948,0.06533000,1.00000000,0.06533000,1687135470414,True,True
419779949,0.06533000,0.01690000,0.00110407,1687135470414,True,True
419779950,0.06532000,0.01690000,0.00110390,1687135486484,True,True
419779951,0.06532000,0.12320000,0.00804742,1687135486484,True,True
419779952,0.06532000,0.00490000,0.00032006,1687135489067,False,True
419779953,0.06532000,0.01590000,0.00103858,1687135553400,False,True
419779954,0.06531000,0.01690000,0.00110373,1687135555682,True,True
419779955,0.06531000,0.15000000,0.00979650,1687135555682,True,True
419779956,0.06531000,0.03050000,0.00199195,1687135555682,True,True
419779957,0.06530000,0.01690000,0.00110357,1687135573557,True,True
419779958,0.06530000,1.53140000,0.10000042,1687135573557,True,True
419779959,0.06530000,0.61740000,0.04031622,1687135573557,True,True
419779960,0.06530000,0.15000000,0.00979500,1687135573557,True,True
419779961,0.06530000,0.03050000,0.00199165,1687135573557,True,True
419779962,0.06530000,0.40310000,0.02632243,1687135573557,True,True
419779963,0.06529000,0.01690000,0.00110340,1687135578379,True,True
419779964,0.06529000,5.80730000,0.37915861,1687135578379,True,True
419779965,0.06529000,5.16680000,0.33734037,1687135578379,True,True
419779966,0.06529000,10.70530000,0.69894903,1687135578379,True,True
419779967,0.06529000,0.69520000,0.04538960,1687135578379,True,True
419779968,0.06529000,0.83500000,0.05451715,1687135578379,True,True
419779969,0.06529000,5.48630000,0.35820052,1687135578379,True,True
419779970,0.06528000,1.53190000,0.10000243,1687135578379,True,True
419779971,0.06528000,1.00050000,0.06531264,1687135578379,True,True
419779972,0.06528000,3.16760000,0.20678092,1687135578379,True,True
419779973,0.06528000,3.31240000,0.21623347,1687135578379,True,True
419779974,0.06528000,5.20700000,0.33991296,1687135578379,True,True
419779975,0.06528000,0.01380000,0.00090086,1687135591941,True,True
419779976,0.06528000,0.00320000,0.00020889,1687135606351,True,True
419779977,0.06529000,0.10670000,0.00696644,1687135690021,False,True
419779978,0.06528000,0.03260000,0.00212812,1687135692479,True,True
419779979,0.06529000,0.01530000,0.00099893,1687135701273,False,True
419779980,0.06528000,0.04740000,0.00309427,1687135706980,True,True
419779981,0.06528000,0.01690000,0.00110323,1687135706980,True,True
419779982,0.06528000,0.03050000,0.00199104,1687135706980,True,True
419779983,0.06528000,5.81290000,0.37946611,1687135706980,True,True
419779984,0.06527000,0.08870000,0.00578944,1687135706980,True,True
419779985,0.06527000,0.08000000,0.00522160,1687135706980,True,True
419779986,0.06527000,0.01690000,0.00110306,1687135706980,True,True
419779987,0.06527000,4.69690000,0.30656666,1687135706980,True,True
419779988,0.06527000,0.09960000,0.00650089,1687135714314,True,True
419779989,0.06528000,0.02300000,0.00150144,1687135717276,False,True
419779990,0.06528000,0.07000000,0.00456960,1687135723377,False,True
419779991,0.06528000,0.04640000,0.00302899,1687135726267,False,True
419779992,0.06528000,0.01160000,0.00075724,1687135726270,False,True
419779993,0.06527000,0.40000000,0.02610800,1687135728049,True,True
419779994,0.06527000,0.08000000,0.00522160,1687135728049,True,True
419779995,0.06527000,0.03050000,0.00199073,1687135728049,True,True
419779996,0.06527000,0.60910000,0.03975595,1687135728049,True,True
419779997,0.06527000,0.15000000,0.00979050,1687135728049,True,True
419779998,0.06527000,0.41800000,0.02728286,1687135728049,True,True
419779999,0.06526000,1.53230000,0.09999789,1687135728049,True,True
419780000,0.06526000,0.04820000,0.00314553,1687135728049,True,True
419780001,0.06526000,0.60550000,0.03951493,1687135728049,True,True
419780002,0.06526000,0.07020000,0.00458125,1687135728049,True,True
419780003,0.06526000,1.45190000,0.09475099,1687135728049,True,True
419780004,0.06526000,0.01690000,0.00110289,1687135728049,True,True
419780005,0.06526000,1.53090000,0.09990653,1687135728049,True,True
419780006,0.06526000,0.00220000,0.00014357,1687135728049,True,True
419780007,0.06526000,0.55550000,0.03625193,1687135728049,True,True
419780008,0.06527000,0.00200000,0.00013054,1687135730758,False,True
419780009,0.06527000,1.05880000,0.06910787,1687135774347,False,True
419780010,0.06527000,0.92180000,0.06016588,1687135774347,False,True
419780011,0.06527000,0.76810000,0.05013388,1687135774347,False,True
419780012,0.06527000,0.06930000,0.00452321,1687135774347,False,True
419780013,0.06527000,1.46700000,0.09575109,1687135781838,False,True
419780014,0.06527000,0.83550000,0.05453308,1687135781838,False,True
419780015,0.06527000,0.01690000,0.00110306,1687135781838,False,True
419780016,0.06527000,0.00600000,0.00039162,1687135781838,False,True
419780017,0.06527000,0.76810000,0.05013388,1687135810030,True,True
419780018,0.06527000,4.00000000,0.26108000,1687135810030,True,True
419780019,0.06527000,1.00000000,0.06527000,1687135810030,True,True
419780020,0.06527000,0.92180000,0.06016588,1687135810030,True,True
419780021,0.06527000,1.53630000,0.10027430,1687135810030,True,True
419780022,0.06527000,0.08000000,0.00522160,1687135810030,True,True
419780023,0.06527000,3.90000000,0.25455300,1687135810030,True,True
419780024,0.06527000,2.15560000,0.14069601,1687135810030,True,True
419780025,0.06528000,0.09450000,0.00616896,1687135823669,False,True
419780026,0.06528000,0.90550000,0.05911104,1687135827107,False,True
419780027,0.06528000,0.01690000,0.00110323,1687135827107,False,True
419780028,0.06528000,0.00600000,0.00039168,1687135827107,False,True
419780029,0.06528000,0.00600000,0.00039168,1687135827107,False,True
419780030,0.06528000,0.00600000,0.00039168,1687135827107,False,True
419780031,0.06528000,1.30470000,0.08517081,1687135827107,False,True
419780032,0.06528000,0.22710000,0.01482508,1687135827111,False,True
419780033,0.06528000,0.00600000,0.00039168,1687135827111,False,True
419780034,0.06529000,1.33960000,0.08746248,1687135827111,False,True
419780035,0.06529000,1.29270000,0.08440038,1687135843461,False,True
419780036,0.06529000,2.59850000,0.16965606,1687135843464,False,True
419780037,0.06529000,0.31320000,0.02044882,1687135843468,False,True
419780038,0.06529000,0.01690000,0.00110340,1687135843468,False,True
419780039,0.06529000,0.00600000,0.00039174,1687135843468,False,True
419780040,0.06529000,0.00600000,0.00039174,1687135843468,False,True
419780041,0.06529000,0.00600000,0.00039174,1687135843468,False,True
419780042,0.06529000,0.91800000,0.05993622,1687135843468,False,True
419780043,0.06529000,2.36020000,0.15409745,1687135843472,False,True
419780044,0.06529000,0.00600000,0.00039174,1687135843472,False,True
419780045,0.06529000,0.00600000,0.00039174,1687135843472,False,True
419780046,0.06529000,0.00600000,0.00039174,1687135843472,False,True
419780047,0.06529000,0.00600000,0.00039174,1687135843472,False,True
419780048,0.06529000,0.05640000,0.00368235,1687135846733,True,True
419780049,0.06529000,0.04790000,0.00312739,1687135848163,True,True
419780050,0.06529000,0.24770000,0.01617233,1687135860763,True,True
419780051,0.06530000,0.00910000,0.00059423,1687135864081,False,True
419780052,0.06530000,0.00580000,0.00037874,1687135871711,False,True
419780053,0.06530000,0.00200000,0.00013060,1687135872710,False,True
419780054,0.06530000,0.00050000,0.00003265,1687135872710,False,True
419780055,0.06530000,0.01000000,0.00065300,1687135873708,False,True
419780056,0.06529000,0.01200000,0.00078348,1687135874650,True,True
419780057,0.06530000,0.00550000,0.00035915,1687135874708,False,True
419780058,0.06530000,0.00200000,0.00013060,1687135876709,False,True
419780059,0.06530000,0.00200000,0.00013060,1687135878711,False,True
419780060,0.06529000,0.00290000,0.00018934,1687135890751,True,True
419780061,0.06530000,0.00440000,0.00028732,1687135892720,False,True
419780062,0.06530000,0.01020000,0.00066606,1687135916391,False,True
419780063,0.06529000,0.63310000,0.04133509,1687135918398,True,True
419780064,0.06529000,1.72220000,0.11244243,1687135918398,True,True
419780065,0.06529000,0.07900000,0.00515791,1687135932716,True,True
419780066,0.06529000,0.12550000,0.00819389,1687135937606,True,True
419780067,0.06529000,5.16140000,0.33698780,1687135937606,True,True
419780068,0.06529000,10.13240000,0.66154439,1687135937606,True,True
419780069,0.06529000,5.05940000,0.33032822,1687135937606,True,True
419780070,0.06529000,0.01690000,0.00110340,1687135937606,True,True
419780071,0.06529000,5.81680000,0.37977887,1687135937606,True,True
419780072,0.06529000,1.17380000,0.07663740,1687135937606,True,True
419780073,0.06528000,4.01850000,0.26232768,1687135937606,True,True
419780074,0.06528000,0.16290000,0.01063411,1687135950682,True,True
419780075,0.06528000,0.01690000,0.00110323,1687135971436,True,True
419780076,0.06528000,0.01890000,0.00123379,1687135971436,True,True
419780077,0.06529000,0.49000000,0.03199210,1687135979464,False,True
419780078,0.06529000,0.16340000,0.01066838,1687135993542,False,True
419780079,0.06529000,0.16350000,0.01067491,1687135995543,False,True
419780080,0.06529000,0.16350000,0.01067491,1687135996542,False,True
419780081,0.06529000,0.05680000,0.00370847,1687136014946,False,True
419780082,0.06529000,2.96280000,0.19344121,1687136017720,False,True
419780083,0.06529000,0.36690000,0.02395490,1687136017720,False,True
419780084,0.06529000,1.00000000,0.06529000,1687136017720,False,True
419780085,0.06529000,4.44870000,0.29045562,1687136017720,False,True
419780086,0.06529000,1.02670000,0.06703324,1687136017797,False,True
419780087,0.06529000,0.87060000,0.05684147,1687136017797,False,True
419780088,0.06529000,0.66570000,0.04346355,1687136018055,False,True
419780089,0.06529000,0.92180000,0.06018432,1687136018055,False,True
419780090,0.06529000,0.01690000,0.00110340,1687136018055,False,True
419780091,0.06529000,2.34390000,0.15303323,1687136026265,True,True
419780092,0.06529000,0.01250000,0.00081612,1687136051240,True,True
419780093,0.06530000,0.00320000,0.00020896,1687136052096,False,True
419780094,0.06529000,0.07180000,0.00468782,1687136063137,True,True
419780095,0.06529000,0.04650000,0.00303598,1687136063608,True,True
419780096,0.06529000,0.01170000,0.00076389,1687136063610,True,True
419780097,0.06530000,0.10090000,0.00658877,1687136077750,False,True
419780098,0.06530000,0.12400000,0.00809720,1687136078749,False,True
419780099,0.06530000,0.04960000,0.00323888,1687136079843,False,True
419780100,0.06530000,0.07440000,0.00485832,1687136080820,False,True
419780101,0.06530000,0.07440000,0.00485832,1687136081748,False,True
419780102,0.06530000,0.14880000,0.00971664,1687136082866,False,True
419780103,0.06530000,0.02480000,0.00161944,1687136083755,False,True
419780104,0.06530000,0.12400000,0.00809720,1687136084750,False,True
419780105,0.06530000,0.02480000,0.00161944,1687136085751,False,True
419780106,0.06530000,0.09920000,0.00647776,1687136086754,False,True
419780107,0.06530000,0.00780000,0.00050934,1687136086810,False,True
419780108,0.06530000,0.00780000,0.00050934,1687136086812,False,True
419780109,0.06529000,0.04690000,0.00306210,1687136102015,True,True
419780110,0.06530000,0.08120000,0.00530236,1687136106127,False,True
419780111,0.06529000,0.63540000,0.04148526,1687136106446,True,True
419780112,0.06529000,0.31770000,0.02074263,1687136107026,True,True
419780113,0.06529000,0.92180000,0.06018432,1687136107026,True,True
419780114,0.06529000,1.53630000,0.10030502,1687136107026,True,True
419780115,0.06529000,0.76810000,0.05014924,1687136107026,True,True
419780116,0.06529000,0.00160000,0.00010446,1687136107026,True,True
419780117,0.06529000,0.12640000,0.00825265,1687136107026,True,True
419780118,0.06529000,0.85380000,0.05574460,1687136114012,False,True
419780119,0.06529000,0.80980000,0.05287184,1687136114012,False,True
419780120,0.06529000,0.08840000,0.00577163,1687136114012,False,True
419780121,0.06529000,0.16950000,0.01106665,1687136114779,False,True
419780122,0.06529000,0.27470000,0.01793516,1687136118057,False,True
419780123,0.06529000,0.21790000,0.01422669,1687136123873,False,True
419780124,0.06529000,0.24950000,0.01628985,1687136124089,False,True
419780125,0.06529000,0.85310000,0.05569889,1687136124089,False,True
419780126,0.06529000,1.49240000,0.09743879,1687136125764,False,True
419780127,0.06529000,0.92180000,0.06018432,1687136125767,False,True
419780128,0.06529000,0.57090000,0.03727406,1687136125767,False,True
419780129,0.06529000,0.58530000,0.03821423,1687136125773,False,True
419780130,0.06529000,1.53630000,0.10030502,1687136125773,False,True
419780131,0.06529000,0.76810000,0.05014924,1687136130244,True,True
419780132,0.06529000,1.53630000,0.10030502,1687136130244,True,True
419780133,0.06529000,0.79670000,0.05201654,1687136130244,True,True
419780134,0.06530000,0.55190000,0.03603907,1687136130995,False,True
419780135,0.06530000,0.01690000,0.00110357,1687136130995,False,True
419780136,0.06530000,0.13930000,0.00909629,1687136130995,False,True
419780137,0.06530000,0.17660000,0.01153198,1687136132877,True,True
419780138,0.06530000,0.06120000,0.00399636,1687136146227,True,True
419780139,0.06531000,0.01690000,0.00110373,1687136150235,False,True
419780140,0.06531000,0.00600000,0.00039186,1687136150235,False,True
419780141,0.06531000,0.39370000,0.02571254,1687136150235,False,True
419780142,0.06531000,0.49250000,0.03216517,1687136150235,False,True
419780143,0.06531000,0.03050000,0.00199195,1687136150235,False,True
419780144,0.06531000,0.15000000,0.00979650,1687136150235,False,True
419780145,0.06532000,0.66750000,0.04360110,1687136150235,False,True
419780146,0.06532000,0.16750000,0.01094110,1687136150271,False,True
419780147,0.06532000,0.58180000,0.03800317,1687136150271,False,True
419780148,0.06532000,0.53740000,0.03510296,1687136151219,False,True
419780149,0.06532000,0.01690000,0.00110390,1687136151219,False,True
419780150,0.06532000,1.44570000,0.09443312,1687136151219,False,True
419780151,0.06532000,0.08520000,0.00556526,1687136154796,False,True
419780152,0.06532000,1.28280000,0.08379249,1687136154796,False,True
419780153,0.06532000,0.63200000,0.04128224,1687136154796,False,True
419780154,0.06532000,0.17350000,0.01133302,1687136157095,False,True
419780155,0.06532000,0.13850000,0.00904682,1687136157124,False,True
419780156,0.06532000,0.74930000,0.04894427,1687136160749,False,True
419780157,0.06532000,1.19560000,0.07809659,1687136162968,False,True
419780158,0.06531000,0.61890000,0.04042035,1687136168833,True,True
419780159,0.06531000,0.03640000,0.00237728,1687136180126,True,True
419780160,0.06531000,0.01010000,0.00065963,1687136198812,True,True
419780161,0.06532000,0.55000000,0.03592600,1687136199778,False,True
419780162,0.06531000,0.05870000,0.00383369,1687136201756,True,True
419780163,0.06532000,1.74980000,0.11429693,1687136205602,False,True
419780164,0.06532000,0.35670000,0.02329964,1687136205613,False,True
419780165,0.06533000,0.01690000,0.00110407,1687136212835,False,True
419780166,0.06533000,0.01810000,0.00118247,1687136212835,False,True
419780167,0.06534000,1.48930000,0.09731086,1687136215094,False,True
419780168,0.06534000,0.01690000,0.00110424,1687136215094,False,True
419780169,0.06534000,0.00600000,0.00039204,1687136215094,False,True
419780170,0.06534000,0.84760000,0.05538218,1687136215094,False,True
419780171,0.06534000,0.15000000,0.00980100,1687136215094,False,True
419780172,0.06534000,0.49020000,0.03202966,1687136215094,False,True
419780173,0.06533000,0.80950000,0.05288463,1687136229712,True,True
419780174,0.06533000,0.36690000,0.02396957,1687136229712,True,True
419780175,0.06533000,0.22370000,0.01461432,1687136229712,True,True
419780176,0.06533000,0.51610000,0.03371681,1687136230595,True,True
419780177,0.06533000,1.00160000,0.06543452,1687136230726,True,True
419780178,0.06533000,2.05970000,0.13456020,1687136230726,True,True
419780179,0.06533000,4.21550000,0.27539861,1687136230995,True,True
419780180,0.06533000,0.18490000,0.01207951,1687136231110,True,True
419780181,0.06533000,0.73960000,0.04831806,1687136231110,True,True
419780182,0.06533000,0.30460000,0.01989951,1687136231777,True,True
419780183,0.06533000,2.02350000,0.13219525,1687136232020,True,True
419780184,0.06533000,0.11610000,0.00758481,1687136233103,True,True
419780185,0.06533000,0.05470000,0.00357355,1687136236094,True,True
419780186,0.06533000,0.01310000,0.00085582,1687136236906,True,True
419780187,0.06533000,2.46690000,0.16116257,1687136238393,True,True
419780188,0.06533000,0.92180000,0.06022119,1687136238393,True,True
419780189,0.06533000,1.50950000,0.09861563,1687136238393,True,True
419780190,0.06533000,0.02680000,0.00175084,1687136239882,True,True
419780191,0.06533000,5.81610000,0.37996581,1687136239882,True,True
419780192,0.06533000,0.01690000,0.00110407,1687136239882,True,True
419780193,0.06533000,0.74590000,0.04872964,1687136239882,True,True
419780194,0.06533000,0.04770000,0.00311624,1687136239882,True,True
419780195,0.06533000,0.98220000,0.06416712,1687136239882,True,True
419780196,0.06533000,1.00000000,0.06533000,1687136263626,False,True
419780197,0.06533000,0.80990000,0.05291076,1687136263626,False,True
419780198,0.06534000,0.03050000,0.00199287,1687136267035,False,True
419780199,0.06534000,0.15000000,0.00980100,1687136267035,False,True
419780200,0.06534000,0.01690000,0.00110424,1687136267035,False,True
419780201,0.06535000,0.01690000,0.00110441,1687136267761,False,True
419780202,0.06535000,0.13830000,0.00903790,1687136267761,False,True
419780203,0.06535000,0.86170000,0.05631209,1687136268610,False,True
419780204,0.06535000,0.00600000,0.00039210,1687136268610,False,True
419780205,0.06535000,0.60120000,0.03928842,1687136268610,False,True
419780206,0.06535000,0.03050000,0.00199317,1687136268610,False,True
419780207,0.06535000,0.15000000,0.00980250,1687136268610,False,True
419780208,0.06535000,0.00780000,0.00050973,1687136269144,True,True
419780209,0.06536000,0.58630000,0.03832056,1687136269170,False,True
419780210,0.06536000,0.94370000,0.06168023,1687136270040,False,True
419780211,0.06536000,0.01690000,0.00110458,1687136270040,False,True
419780212,0.06536000,0.03050000,0.00199348,1687136270040,False,True
419780213,0.06536000,0.81000000,0.05294160,1687136276383,True,True
419780214,0.06536000,1.00000000,0.06536000,1687136276383,True,True
419780215,0.06536000,0.58580000,0.03828788,1687136276383,True,True
419780216,0.06536000,2.40750000,0.15735420,1687136276383,True,True
419780217,0.06536000,0.92180000,0.06024884,1687136280628,True,True
419780218,0.06536000,1.53630000,0.10041256,1687136280628,True,True
419780219,0.06535000,0.01690000,0.00110441,1687136284200,True,True
419780220,0.06535000,2.92660000,0.19125331,1687136284200,True,True
419780221,0.06534000,0.80930000,0.05287966,1687136335916,True,True
419780222,0.06534000,0.04000000,0.00261360,1687136335916,True,True
419780223,0.06534000,0.01690000,0.00110424,1687136335916,True,True
419780224,0.06534000,5.44740000,0.35593311,1687136335916,True,True
419780225,0.06534000,1.52970000,0.09995059,1687136351344,True,True
419780226,0.06534000,1.53050000,0.10000287,1687136351344,True,True
419780227,0.06534000,5.89890000,0.38543412,1687136351344,True,True
419780228,0.06534000,5.80750000,0.37946205,1687136351344,True,True
419780229,0.06534000,0.04410000,0.00288149,1687136400965,False,True
419780230,0.06533000,0.00350000,0.00022865,1687136402594,True,True
419780231,0.06534000,0.00480000,0.00031363,1687136416916,False,True
419780232,0.06534000,0.12220000,0.00798454,1687136417911,False,True
419780233,0.06533000,0.01340000,0.00087542,1687136419304,True,True
419780234,0.06533000,0.08660000,0.00565757,1687136419304,True,True
419780235,0.06533000,0.07170000,0.00468416,1687136441211,True,True
419780236,0.06533000,0.17330000,0.01132168,1687136454692,True,True
419780237,0.06532000,0.01690000,0.00110390,1687136463393,True,True
419780238,0.06532000,1.53090000,0.09999838,1687136463393,True,True
419780239,0.06532000,4.45220000,0.29081770,1687136463393,True,True
419780240,0.06533000,0.43010000,0.02809843,1687136478798,False,True
419780241,0.06533000,0.02150000,0.00140459,1687136484842,False,True
419780242,0.06533000,0.03680000,0.00240414,1687136493162,False,True
419780243,0.06533000,0.05080000,0.00331876,1687136539361,False,True
419780244,0.06532000,0.79400000,0.05186408,1687136565964,True,True
419780245,0.06533000,0.03000000,0.00195990,1687136598398,False,True
419780246,0.06532000,0.01250000,0.00081650,1687136619712,True,True
419780247,0.06532000,0.59460000,0.03883927,1687136622671,True,True
419780248,0.06533000,0.19510000,0.01274588,1687136623676,False,True
419780249,0.06533000,0.06330000,0.00413538,1687136625068,False,True
419780250,0.06533000,0.01170000,0.00076436,1687136632850,False,True
419780251,0.06533000,0.00190000,0.00012412,1687136648242,False,True
419780252,0.06532000,0.05420000,0.00354034,1687136658853,True,True
419780253,0.06533000,0.01500000,0.00097995,1687136670430,False,True
419780254,0.06533000,0.01690000,0.00110407,1687136680108,False,True
419780255,0.06533000,0.01830000,0.00119553,1687136713728,True,True
419780256,0.06533000,0.38130000,0.02491032,1687136739866,True,True
419780257,0.06534000,0.00170000,0.00011107,1687136741471,False,True
419780258,0.06533000,0.36850000,0.02407410,1687136786836,True,True
419780259,0.06533000,0.12510000,0.00817278,1687136786836,True,True
419780260,0.06533000,0.13770000,0.00899594,1687136786836,True,True
419780261,0.06533000,1.60970000,0.10516170,1687136844327,True,True
419780262,0.06533000,0.21060000,0.01375849,1687136852704,True,True
419780263,0.06533000,0.02320000,0.00151565,1687136865133,True,True
419780264,0.06534000,0.13370000,0.00873595,1687136884774,False,True
419780265,0.06534000,0.80940000,0.05288619,1687136884774,False,True
419780266,0.06534000,0.01690000,0.00110424,1687136884774,False,True
419780267,0.06534000,0.01920000,0.00125452,1687136884774,False,True
419780268,0.06533000,0.00290000,0.00018945,1687136896450,True,True
419780269,0.06534000,0.01540000,0.00100623,1687136938936,False,True
419780270,0.06534000,0.02000000,0.00130680,1687136939934,False,True
419780271,0.06534000,0.04500000,0.00294030,1687136940934,False,True
419780272,0.06534000,0.02000000,0.00130680,1687136941940,False,True
419780273,0.06534000,0.01500000,0.00098010,1687136942930,False,True
419780274,0.06534000,0.03000000,0.00196020,1687136943931,False,True
419780275,0.06534000,0.02000000,0.00130680,1687136944929,False,True
419780276,0.06534000,0.02000000,0.00130680,1687136945929,False,True
419780277,0.06534000,0.02000000,0.00130680,1687136946929,False,True
419780278,0.06534000,0.03250000,0.00212355,1687136947928,False,True
419780279,0.06534000,0.00600000,0.00039204,1687136948928,False,True
419780280,0.06534000,0.00200000,0.00013068,1687136949929,False,True
419780281,0.06533000,0.01690000,0.00110407,1687136952336,True,True
419780282,0.06533000,5.80420000,0.37918838,1687136952336,True,True
419780283,0.06533000,0.04370000,0.00285492,1687136959892,False,True
419780284,0.06532000,0.01690000,0.00110390,1687136961254,True,True
419780285,0.06532000,5.80420000,0.37913034,1687136961254,True,True
419780286,0.06532000,0.04000000,0.00261280,1687136961254,True,True
419780287,0.06532000,0.06010000,0.00392573,1687136961476,False,True
419780288,0.06532000,0.02230000,0.00145663,1687136969077,False,True
419780289,0.06532000,0.12190000,0.00796250,1687136975488,False,True
419780290,0.06531000,0.01690000,0.00110373,1687136992371,True,True
419780291,0.06531000,0.00600000,0.00039186,1687136992371,True,True
419780292,0.06531000,0.03050000,0.00199195,1687136992371,True,True
419780293,0.06531000,5.80360000,0.37903311,1687136992371,True,True
419780294,0.06531000,0.06180000,0.00403615,1687136992371,True,True
419780295,0.06531000,0.07790000,0.00508764,1687136992382,True,True
419780296,0.06531000,0.07870000,0.00513989,1687136992689,True,True
419780297,0.06532000,0.02220000,0.00145010,1687136993978,False,True
419780298,0.06532000,1.17800000,0.07694696,1687137001046,False,True
419780299,0.06531000,0.03050000,0.00199195,1687137008010,True,True
419780300,0.06531000,5.80410000,0.37906577,1687137008010,True,True
419780301,0.06531000,0.15000000,0.00979650,1687137008010,True,True
419780302,0.06531000,0.12530000,0.00818334,1687137008010,True,True
419780303,0.06531000,0.00410000,0.00026777,1687137008641,False,True
419780304,0.06531000,0.10650000,0.00695551,1687137030120,False,True
419780305,0.06530000,0.01690000,0.00110357,1687137030750,True,True
419780306,0.06530000,0.74480000,0.04863544,1687137030750,True,True
419780307,0.06530000,0.01070000,0.00069871,1687137039050,True,True
419780308,0.06531000,0.76550000,0.04999480,1687137039822,False,True
419780309,0.06530000,0.02190000,0.00143007,1687137043181,True,True
419780310,0.06530000,0.01470000,0.00095991,1687137043183,True,True
419780311,0.06531000,0.76560000,0.05000133,1687137048093,False,True
419780312,0.06530000,0.01220000,0.00079666,1687137048390,True,True
419780313,0.06531000,0.03000000,0.00195930,1687137052965,False,True
419780314,0.06531000,0.76560000,0.05000133,1687137056791,False,True
419780315,0.06531000,0.37610000,0.02456309,1687137064398,False,True
419780316,0.06531000,0.45620000,0.02979442,1687137064498,False,True
419780317,0.06531000,0.73040000,0.04770242,1687137070494,False,True
419780318,0.06531000,0.03520000,0.00229891,1687137070494,False,True
419780319,0.06531000,0.13790000,0.00900624,1687137075657,False,True
419780320,0.06531000,0.04580000,0.00299119,1687137076447,False,True
419780321,0.06531000,0.56850000,0.03712873,1687137076452,False,True
419780322,0.06531000,0.01460000,0.00095352,1687137078771,False,True
419780323,0.06531000,0.36690000,0.02396223,1687137078771,False,True
419780324,0.06531000,0.38410000,0.02508557,1687137078771,False,True
419780325,0.06531000,0.14270000,0.00931973,1687137079865,False,True
419780326,0.06531000,0.47320000,0.03090469,1687137092046,False,True
419780327,0.06531000,0.29240000,0.01909664,1687137092046,False,True
419780328,0.06530000,0.01480000,0.00096644,1687137092620,True,True
419780329,0.06531000,0.28870000,0.01885499,1687137095741,False,True
419780330,0.06531000,0.34070000,0.02225111,1687137095753,False,True
419780331,0.06531000,0.42490000,0.02775021,1687137095753,False,True
419780332,0.06530000,0.00560000,0.00036568,1687137127754,True,True
419780333,0.06531000,0.00480000,0.00031348,1687137194782,False,True
419780334,0.06531000,0.10000000,0.00653100,1687137197702,False,True
419780335,0.06531000,0.05000000,0.00326550,1687137198848,False,True
419780336,0.06531000,0.50000000,0.03265500,1687137200436,False,True
419780337,0.06530000,0.70670000,0.04614751,1687137205728,True,True
419780338,0.06530000,0.09450000,0.00617085,1687137205728,True,True
419780339,0.06530000,0.78850000,0.05148905,1687137205728,True,True
419780340,0.06530000,0.80160000,0.05234448,1687137223115,True,True
419780341,0.06530000,0.39070000,0.02551271,1687137223115,True,True
419780342,0.06530000,1.22330000,0.07988149,1687137223115,True,True
419780343,0.06530000,0.15000000,0.00979500,1687137223115,True,True
419780344,0.06530000,0.03050000,0.00199165,1687137223115,True,True
419780345,0.06530000,0.29910000,0.01953123,1687137223115,True,True
419780346,0.06530000,0.26970000,0.01761141,1687137223117,True,True
419780347,0.06530000,1.43690000,0.09382957,1687137223117,True,True
419780348,0.06530000,4.17870000,0.27286911,1687137223119,True,True
419780349,0.06530000,0.18770000,0.01225681,1687137223122,True,True
419780350,0.06530000,0.04610000,0.00301033,1687137223122,True,True
419780351,0.06530000,1.53620000,0.10031386,1687137247446,False,True
419780352,0.06530000,3.07260000,0.20064078,1687137247446,False,True
419780353,0.06530000,0.92180000,0.06019354,1687137247446,False,True
419780354,0.06530000,2.07430000,0.13545179,1687137247446,False,True
419780355,0.06530000,1.11100000,0.07254830,1687137247446,False,True
419780356,0.06530000,0.46590000,0.03042327,1687137250182,False,True
419780357,0.06530000,0.75980000,0.04961494,1687137250182,False,True
419780358,0.06530000,5.02920000,0.32840676,1687137250182,False,True
419780359,0.06530000,0.72410000,0.04728373,1687137250182,False,True
419780360,0.06530000,1.97290000,0.12883037,1687137250182,False,True
419780361,0.06530000,0.04640000,0.00302992,1687137284052,True,True
419780362,0.06530000,0.01160000,0.00075748,1687137284054,True,True
419780363,0.06530000,0.01510000,0.00098603,1687137316550,True,True
419780364,0.06530000,0.02260000,0.00147578,1687137324176,True,True
419780365,0.06531000,0.18650000,0.01218031,1687137345372,False,True
419780366,0.06531000,0.01690000,0.00110373,1687137345372,False,True
419780367,0.06531000,0.09660000,0.00630894,1687137345372,False,True
419780368,0.06531000,0.03390000,0.00221400,1687137373137,False,True
419780369,0.06531000,0.12980000,0.00847723,1687137405497,False,True
419780370,0.06531000,0.00600000,0.00039186,1687137405497,False,True
419780371,0.06531000,0.11280000,0.00736696,1687137405497,False,True
419780372,0.06531000,0.03000000,0.00195930,1687137426737,False,True
419780373,0.06531000,0.02500000,0.00163275,1687137435607,False,True
419780374,0.06531000,0.61240000,0.03999584,1687137442375,False,True
419780375,0.06530000,0.66410000,0.04336573,1687137443714,True,True
419780376,0.06530000,0.36690000,0.02395857,1687137443714,True,True
419780377,0.06530000,1.00000000,0.06530000,1687137443714,True,True
419780378,0.06530000,0.76810000,0.05015693,1687137443714,True,True
419780379,0.06530000,0.54810000,0.03579093,1687137443714,True,True
419780380,0.06530000,0.98820000,0.06452946,1687137443944,True,True
419780381,0.06530000,0.92180000,0.06019354,1687137443944,True,True
419780382,0.06530000,2.30340000,0.15041202,1687137443944,True,True
419780383,0.06530000,4.00000000,0.26120000,1687137443944,True,True
419780384,0.06530000,0.00490000,0.00031997,1687137443944,True,True
419780385,0.06531000,0.00210000,0.00013715,1687137446953,False,True
419780386,0.06531000,0.20000000,0.01306200,1687137447886,False,True
419780387,0.06531000,0.00270000,0.00017633,1687137570527,False,True
419780388,0.06531000,0.02750000,0.00179602,1687137587179,False,True
419780389,0.06531000,0.02200000,0.00143682,1687137588067,False,True
419780390,0.06531000,0.01860000,0.00121476,1687137589106,False,True
419780391,0.06531000,3.14090000,0.20513217,1687137605228,False,True
419780392,0.06531000,1.59530000,0.10418904,1687137614942,False,True
419780393,0.06531000,0.94850000,0.06194653,1687137614942,False,True
419780394,0.06531000,0.00600000,0.00039186,1687137614942,False,True
419780395,0.06531000,3.11850000,0.20366923,1687137614942,False,True
419780396,0.06531000,4.33170000,0.28290332,1687137614942,False,True
419780397,0.06531000,0.14470000,0.00945035,1687137620095,False,True
419780398,0.06531000,0.75960000,0.04960947,1687137623477,False,True
419780399,0.06531000,5.03040000,0.32853542,1687137623477,False,True
419780400,0.06531000,1.44980000,0.09468643,1687137623477,False,True
419780401,0.06531000,2.34590000,0.15321072,1687137623477,False,True
419780402,0.06531000,0.41430000,0.02705793,1687137623477,False,True
419780403,0.06531000,0.00690000,0.00045063,1687137657687,False,True
419780404,0.06530000,0.01010000,0.00065953,1687137706627,True,True
419780405,0.06530000,0.00680000,0.00044404,1687137713289,True,True
419780406,0.06530000,0.59200000,0.03865760,1687137713289,True,True
419780407,0.06530000,0.01490000,0.00097297,1687137720153,True,True
419780408,0.06530000,0.49910000,0.03259123,1687137744369,True,True
419780409,0.06531000,0.99740000,0.06514019,1687137749470,False,True
419780410,0.06530000,0.06950000,0.00453835,1687137780691,True,True
419780411,0.06530000,0.04630000,0.00302339,1687137780691,True,True
419780412,0.06530000,0.01750000,0.00114275,1687137780692,True,True
419780413,0.06530000,0.01160000,0.00075748,1687137780693,True,True
419780414,0.06531000,0.24490000,0.01599441,1687137790348,False,True
419780415,0.06531000,0.00180000,0.00011755,1687137835533,False,True
419780416,0.06530000,0.10310000,0.00673243,1687137842850,True,True
419780417,0.06530000,0.58060000,0.03791318,1687137844237,True,True
419780418,0.06530000,0.19000000,0.01240700,1687137848820,True,True
419780419,0.06531000,0.27130000,0.01771860,1687137866323,False,True
419780420,0.06530000,0.08200000,0.00535460,1687137895669,True,True
419780421,0.06530000,0.33570000,0.02192121,1687137905404,True,True
419780422,0.06531000,0.58680000,0.03832390,1687137955054,False,True
419780423,0.06531000,0.58690000,0.03833043,1687137957053,False,True
419780424,0.06531000,0.58690000,0.03833043,1687137958053,False,True
419780425,0.06531000,0.00600000,0.00039186,1687137992701,False,True
419780426,0.06531000,0.90330000,0.05899452,1687138019833,False,True
419780427,0.06531000,0.02300000,0.00150213,1687138027951,False,True
419780428,0.06531000,0.30120000,0.01967137,1687138074136,False,True
419780429,0.06531000,0.01550000,0.00101230,1687138117972,False,True
419780430,0.06531000,0.00640000,0.00041798,1687138127169,False,True
419780431,0.06531000,0.00400000,0.00026124,1687138128165,False,True
419780432,0.06531000,0.00440000,0.00028736,1687138129167,False,True
419780433,0.06531000,0.11960000,0.00781107,1687138137297,False,True
419780434,0.06531000,0.00240000,0.00015674,1687138143169,False,True
419780435,0.06531000,0.00240000,0.00015674,1687138144169,False,True
419780436,0.06531000,0.00240000,0.00015674,1687138147169,False,True
419780437,0.06531000,0.29100000,0.01900521,1687138277248,False,True
419780438,0.06531000,0.00600000,0.00039186,1687138277248,False,True
419780439,0.06531000,0.01690000,0.00110373,1687138277248,False,True
419780440,0.06531000,0.80770000,0.05275088,1687138277248,False,True
419780441,0.06531000,1.51660000,0.09904914,1687138277248,False,True
419780442,0.06530000,6.15430000,0.40187579,1687138285072,True,True
419780443,0.06530000,0.50540000,0.03300262,1687138285072,True,True
419780444,0.06531000,0.40180000,0.02624155,1687138306273,False,True
419780445,0.06530000,0.00310000,0.00020243,1687138308476,True,True
419780446,0.06530000,0.29980000,0.01957694,1687138327564,True,True
419780447,0.06530000,0.86460000,0.05645838,1687138327564,True,True
419780448,0.06530000,1.61400000,0.10539420,1687138327564,True,True
419780449,0.06531000,0.00500000,0.00032655,1687138331633,False,True
419780450,0.06531000,0.00590000,0.00038532,1687138337816,False,True
419780451,0.06531000,0.23410000,0.01528907,1687138362310,False,True
419780452,0.06531000,0.00760000,0.00049635,1687138382884,False,True
419780453,0.06530000,0.00300000,0.00019590,1687138393169,True,True
419780454,0.06530000,0.01850000,0.00120805,1687138417175,True,True
419780455,0.06531000,2.09040000,0.13652402,1687138421941,False,True
419780456,0.06530000,0.00540000,0.00035262,1687138442313,True,True
419780457,0.06530000,1.99960000,0.13057388,1687138474214,True,True
419780458,0.06530000,0.00610000,0.00039833,1687138493304,True,True
419780459,0.06530000,0.01690000,0.00110357,1687138527847,True,True
419780460,0.06530000,2.40570000,0.15709221,1687138527847,True,True
419780461,0.06530000,3.39460000,0.22166738,1687138527860,True,True
419780462,0.06530000,0.81450000,0.05318685,1687138527860,True,True
419780463,0.06530000,0.02630000,0.00171739,1687138527860,True,True
419780464,0.06530000,0.57590000,0.03760627,1687138527860,True,True
419780465,0.06530000,0.03000000,0.00195900,1687138563413,False,True
419780466,0.06529000,0.80970000,0.05286531,1687138572556,True,True
419780467,0.06529000,0.01690000,0.00110340,1687138572556,True,True
419780468,0.06529000,0.70180000,0.04582052,1687138572556,True,True
419780469,0.06529000,1.47120000,0.09605464,1687138572556,True,True
419780470,0.06529000,0.02490000,0.00162572,1687138586936,True,True
419780471,0.06530000,0.20340000,0.01328202,1687138591513,False,True
419780472,0.06530000,0.00180000,0.00011754,1687138595462,False,True
419780473,0.06530000,0.68660000,0.04483498,1687138634632,False,True
419780474,0.06530000,1.46380000,0.09558614,1687138634632,False,True
419780475,0.06529000,0.34760000,0.02269480,1687138663115,True,True
419780476,0.06530000,0.07250000,0.00473425,1687138688705,False,True
419780477,0.06530000,0.32770000,0.02139881,1687138688705,False,True
419780478,0.06530000,0.46860000,0.03059958,1687138688780,False,True
419780479,0.06530000,0.01870000,0.00122111,1687138688850,False,True
419780480,0.06530000,0.21140000,0.01380442,1687138688850,False,True
419780481,0.06530000,0.11300000,0.00737890,1687138688861,False,True
419780482,0.06530000,0.44380000,0.02898014,1687138688863,False,True
419780483,0.06530000,0.01740000,0.00113622,1687138688863,False,True
419780484,0.06530000,0.34880000,0.02277664,1687138688876,False,True
419780485,0.06530000,0.19070000,0.01245271,1687138688878,False,True
419780486,0.06530000,0.46910000,0.03063223,1687138689113,False,True
419780487,0.06530000,0.46580000,0.03041674,1687138689122,False,True
419780488,0.06530000,3.87810000,0.25323993,1687138689159,False,True
419780489,0.06530000,4.89580000,0.31969574,1687138689159,False,True
419780490,0.06530000,0.00810000,0.00052893,1687138701554,False,True
419780491,0.06530000,0.02810000,0.00183493,1687138701638,False,True
419780492,0.06530000,0.01870000,0.00122111,1687138701640,False,True
419780493,0.06530000,0.04630000,0.00302339,1687138703311,False,True
419780494,0.06530000,0.01140000,0.00074442,1687138703313,False,True
419780495,0.06530000,0.03350000,0.00218755,1687138709738,False,True
419780496,0.06530000,0.34980000,0.02284194,1687138716181,False,True
419780497,0.06530000,0.41590000,0.02715827,1687138716181,False,True
419780498,0.06530000,0.76570000,0.05000021,1687138724452,False,True
419780499,0.06530000,0.76560000,0.04999368,1687138733729,False,True
419780500,0.06530000,0.76570000,0.05000021,1687138737002,False,True
419780501,0.06530000,0.76570000,0.05000021,1687138744708,False,True
419780502,0.06530000,0.52140000,0.03404742,1687138748985,False,True
419780503,0.06530000,0.24430000,0.01595279,1687138748985,False,True
419780504,0.06530000,0.75570000,0.04934721,1687138757259,False,True
419780505,0.06530000,0.01000000,0.00065300,1687138757259,False,True
419780506,0.06530000,0.76570000,0.05000021,1687138765531,False,True
419780507,0.06530000,0.00720000,0.00047016,1687138767423,False,True
419780508,0.06530000,0.76570000,0.05000021,1687138769805,False,True
419780509,0.06530000,0.11790000,0.00769887,1687138771376,False,True
419780510,0.06530000,0.03330000,0.00217449,1687138771376,False,True
419780511,0.06530000,0.76570000,0.05000021,1687138777079,False,True
419780512,0.06530000,0.76570000,0.05000021,1687138789353,False,True
419780513,0.06530000,0.76570000,0.05000021,1687138793629,False,True
419780514,0.06530000,0.12250000,0.00799925,1687138795303,False,True
419780515,0.06530000,0.76570000,0.05000021,1687138796902,False,True
419780516,0.06530000,0.05100000,0.00333030,1687138797411,False,True
419780517,0.06530000,0.11620000,0.00758786,1687138798276,False,True
419780518,0.06529000,1.17700000,0.07684633,1687138800012,True,True
419780519,0.06530000,0.06110000,0.00398983,1687138810409,False,True
419780520,0.06530000,0.76570000,0.05000021,1687138811176,False,True
419780521,0.06530000,0.76570000,0.05000021,1687138816451,False,True
419780522,0.06530000,0.76570000,0.05000021,1687138823778,False,True
419780523,0.06530000,0.76570000,0.05000021,1687138836102,False,True
419780524,0.06529000,0.21960000,0.01433768,1687138840350,True,True
419780525,0.06530000,0.76570000,0.05000021,1687138843427,False,True
419780526,0.06530000,0.76570000,0.05000021,1687138856746,False,True
419780527,0.06530000,0.76570000,0.05000021,1687138868071,False,True
419780528,0.06529000,0.00960000,0.00062678,1687138877603,True,True
419780529,0.06530000,0.01690000,0.00110357,1687138878219,False,True
419780530,0.06530000,0.00290000,0.00018937,1687138912283,False,True
419780531,0.06530000,1.35420000,0.08842926,1687138943147,False,True
419780532,0.06530000,0.01690000,0.00110357,1687138943147,False,True
419780533,0.06530000,0.63940000,0.04175282,1687138943147,False,True
419780534,0.06529000,0.22960000,0.01499058,1687138946472,True,True
419780535,0.06530000,0.01010000,0.00065953,1687138951897,False,True
419780536,0.06529000,0.35330000,0.02306695,1687138967908,True,True
419780537,0.06530000,0.04630000,0.00302339,1687138969709,False,True
419780538,0.06530000,0.01150000,0.00075095,1687138969711,False,True
419780539,0.06530000,0.00160000,0.00010448,1687139029359,False,True
419780540,0.06530000,0.07070000,0.00461671,1687139057575,False,True
419780541,0.06530000,0.07070000,0.00461671,1687139057583,False,True
419780542,0.06529000,0.01460000,0.00095323,1687139065120,True,True
419780543,0.06529000,0.35190000,0.02297555,1687139075220,True,True
419780544,0.06530000,0.02070000,0.00135171,1687139097308,False,True
419780545,0.06530000,0.00210000,0.00013713,1687139097308,False,True
419780546,0.06530000,0.01530000,0.00099909,1687139097311,False,True
419780547,0.06530000,0.01220000,0.00079666,1687139102074,False,True
419780548,0.06530000,0.04630000,0.00302339,1687139125307,False,True
419780549,0.06530000,0.01150000,0.00075095,1687139125309,False,True
419780550,0.06530000,0.04630000,0.00302339,1687139127306,False,True
419780551,0.06530000,0.01150000,0.00075095,1687139127308,False,True
419780552,0.06530000,0.04630000,0.00302339,1687139128308,False,True
419780553,0.06530000,0.01150000,0.00075095,1687139128310,False,True
419780554,0.06529000,0.01160000,0.00075736,1687139146511,True,True
419780555,0.06529000,3.64160000,0.23776006,1687139168673,True,True
419780556,0.06529000,2.15450000,0.14066730,1687139168677,True,True
419780557,0.06529000,0.04000000,0.00261160,1687139168677,True,True
419780558,0.06529000,0.96170000,0.06278939,1687139168677,True,True
419780559,0.06529000,0.00500000,0.00032645,1687139168677,True,True
419780560,0.06529000,0.01690000,0.00110340,1687139168677,True,True
419780561,0.06529000,0.09260000,0.00604585,1687139168677,True,True
419780562,0.06529000,0.04030000,0.00263118,1687139168680,True,True
419780563,0.06529000,0.00170000,0.00011099,1687139169337,False,True
419780564,0.06529000,0.27000000,0.01762830,1687139171686,False,True
419780565,0.06529000,0.05810000,0.00379334,1687139182825,False,True
419780566,0.06528000,0.01070000,0.00069849,1687139190485,True,True
419780567,0.06529000,0.76580000,0.04999908,1687139203814,False,True
419780568,0.06528000,0.00440000,0.00028723,1687139211659,True,True
419780569,0.06529000,0.44070000,0.02877330,1687139214088,False,True
419780570,0.06529000,0.32510000,0.02122577,1687139214088,False,True
419780571,0.06529000,0.76580000,0.04999908,1687139217363,False,True
419780572,0.06528000,0.00180000,0.00011750,1687139225429,True,True
419780573,0.06528000,0.10260000,0.00669772,1687139225429,True,True
419780574,0.06529000,0.76590000,0.05000561,1687139228061,False,True
419780575,0.06529000,0.30000000,0.01958700,1687139228726,False,True
419780576,0.06529000,0.34520000,0.02253810,1687139228732,False,True
419780577,0.06529000,0.24800000,0.01619192,1687139228783,False,True
419780578,0.06529000,0.08080000,0.00527543,1687139245882,False,True
419780579,0.06529000,0.00620000,0.00040479,1687139245899,False,True
419780580,0.06529000,0.83480000,0.05450409,1687139245900,False,True
419780581,0.06529000,0.76810000,0.05014924,1687139245900,False,True
419780582,0.06529000,0.01690000,0.00110340,1687139245900,False,True
419780583,0.06530000,0.01690000,0.00110357,1687139251571,False,True
419780584,0.06530000,1.02060000,0.06664518,1687139251571,False,True
419780585,0.06529000,0.45000000,0.02938050,1687139258410,True,True
419780586,0.06530000,0.00290000,0.00018937,1687139262380,False,True
419780587,0.06530000,0.45530000,0.02973109,1687139271025,False,True
419780588,0.06529000,0.35410000,0.02311918,1687139281667,True,True
419780589,0.06529000,0.91850000,0.05996886,1687139281667,True,True
419780590,0.06530000,0.45300000,0.02958090,1687139301183,False,True
419780591,0.06530000,0.00610000,0.00039833,1687139304051,False,True
419780592,0.06531000,0.00600000,0.00039186,1687139324582,False,True
419780593,0.06531000,0.00930000,0.00060738,1687139324582,False,True
419780594,0.06530000,0.80390000,0.05249467,1687139367133,True,True
419780595,0.06530000,0.19610000,0.01280533,1687139367133,True,True
419780596,0.06530000,0.14960000,0.00976888,1687139414093,True,True
419780597,0.06530000,1.62120000,0.10586436,1687139425976,True,True
419780598,0.06530000,2.40020000,0.15673306,1687139425976,True,True
419780599,0.06530000,1.77790000,0.11609687,1687139425981,True,True
419780600,0.06530000,1.62120000,0.10586436,1687139425983,True,True
419780601,0.06529000,0.08150000,0.00532113,1687139431366,True,True
419780602,0.06529000,5.79920000,0.37862976,1687139431366,True,True
419780603,0.06529000,1.07460000,0.07016063,1687139431366,True,True
419780604,0.06529000,4.28610000,0.27983946,1687139431366,True,True
419780605,0.06529000,0.01690000,0.00110340,1687139431366,True,True
419780606,0.06529000,0.11070000,0.00722760,1687139431366,True,True
419780607,0.06529000,0.00160000,0.00010446,1687139431366,True,True
419780608,0.06529000,0.02000000,0.00130580,1687139431366,True,True
419780609,0.06529000,0.80000000,0.05223200,1687139431366,True,True
419780610,0.06529000,0.80000000,0.05223200,1687139431366,True,True
419780611,0.06529000,1.60000000,0.10446400,1687139431366,True,True
419780612,0.06529000,2.46830000,0.16115530,1687139431366,True,True
419780613,0.06529000,0.08150000,0.00532113,1687139431850,False,True
419780614,0.06529000,0.06520000,0.00425690,1687139431850,False,True
419780615,0.06529000,0.12400000,0.00809596,1687139432055,False,True
419780616,0.06529000,0.14180000,0.00925812,1687139432064,False,True
419780617,0.06528000,0.00970000,0.00063321,1687139482691,True,True
419780618,0.06529000,0.42710000,0.02788535,1687139492383,False,True
419780619,0.06529000,0.06040000,0.00394351,1687139501121,False,True
419780620,0.06529000,0.10000000,0.00652900,1687139502801,False,True
419780621,0.06529000,0.40090000,0.02617476,1687139502801,False,True
419780622,0.06529000,8.78660000,0.57367711,1687139524664,False,True
419780623,0.06529000,5.36060000,0.34999357,1687139526160,False,True
419780624,0.06529000,0.05610000,0.00366276,1687139528010,True,True
419780625,0.06529000,0.45570000,0.02975265,1687139545049,True,True
419780626,0.06529000,0.05790000,0.00378029,1687139545058,True,True
419780627,0.06529000,0.41620000,0.02717369,1687139545059,True,True
419780628,0.06529000,0.45230000,0.02953066,1687139545064,True,True
419780629,0.06529000,0.00520000,0.00033950,1687139557104,True,True
419780630,0.06530000,2.18290000,0.14254337,1687139558727,False,True
419780631,0.06530000,0.80380000,0.05248814,1687139558727,False,True
419780632,0.06530000,0.01690000,0.00110357,1687139558727,False,True
419780633,0.06530000,1.04730000,0.06838869,1687139558727,False,True
419780634,0.06530000,0.00980000,0.00063994,1687139591912,False,True
419780635,0.06530000,0.04060000,0.00265118,1687139612672,False,True
419780636,0.06530000,0.02250000,0.00146925,1687139616589,False,True
419780637,0.06530000,0.01510000,0.00098603,1687139616592,False,True
419780638,0.06529000,0.25130000,0.01640737,1687139639416,True,True
419780639,0.06529000,0.05960000,0.00389128,1687139692925,True,True
419780640,0.06529000,1.70710000,0.11145655,1687139711011,True,True
419780641,0.06529000,0.92180000,0.06018432,1687139712640,True,True
419780642,0.06529000,1.53630000,0.10030502,1687139712640,True,True
419780643,0.06529000,1.00000000,0.06529000,1687139712640,True,True
419780644,0.06529000,0.01690000,0.00110340,1687139712640,True,True
419780645,0.06529000,0.00620000,0.00040479,1687139747547,False,True
419780646,0.06529000,0.01600000,0.00104464,1687139748452,False,True
419780647,0.06529000,0.01600000,0.00104464,1687139749437,False,True
419780648,0.06529000,0.00800000,0.00052232,1687139750435,False,True
419780649,0.06529000,0.02400000,0.00156696,1687139751437,False,True
419780650,0.06529000,0.01600000,0.00104464,1687139752433,False,True
419780651,0.06529000,0.01600000,0.00104464,1687139753437,False,True
419780652,0.06529000,0.02400000,0.00156696,1687139754434,False,True
419780653,0.06529000,0.01600000,0.00104464,1687139755436,False,True
419780654,0.06529000,0.01600000,0.00104464,1687139756434,False,True
419780655,0.06529000,0.01600000,0.00104464,1687139757434,False,True
419780656,0.06529000,0.01600000,0.00104464,1687139758437,False,True
419780657,0.06529000,0.01600000,0.00104464,1687139759448,False,True
419780658,0.06529000,0.01600000,0.00104464,1687139760476,False,True
419780659,0.06529000,0.01600000,0.00104464,1687139761439,False,True
419780660,0.06529000,0.02400000,0.00156696,1687139762437,False,True
419780661,0.06529000,0.02400000,0.00156696,1687139763439,False,True
419780662,0.06529000,0.03600000,0.00235044,1687139764435,False,True
419780663,0.06529000,0.00800000,0.00052232,1687139765437,False,True
419780664,0.06529000,0.00800000,0.00052232,1687139766435,False,True
419780665,0.06529000,0.01200000,0.00078348,1687139767442,False,True
419780666,0.06529000,0.00160000,0.00010446,1687139768493,False,True
419780667,0.06529000,0.00160000,0.00010446,1687139769439,False,True
419780668,0.06529000,0.00160000,0.00010446,1687139770433,False,True
419780669,0.06529000,0.00160000,0.00010446,1687139771435,False,True
419780670,0.06528000,0.15390000,0.01004659,1687139783151,True,True
419780671,0.06528000,1.26570000,0.08262489,1687139788501,True,True
419780672,0.06528000,1.00050000,0.06531264,1687139788501,True,True
419780673,0.06528000,0.01690000,0.00110323,1687139788501,True,True
419780674,0.06528000,0.10030000,0.00654758,1687139788501,True,True
419780675,0.06528000,0.15080000,0.00984422,1687139788504,True,True
419780676,0.06528000,0.15000000,0.00979200,1687139788504,True,True
419780677,0.06527000,0.01690000,0.00110306,1687139818188,True,True
419780678,0.06527000,0.45300000,0.02956731,1687139818188,True,True
419780679,0.06527000,0.08000000,0.00522160,1687139818188,True,True
