419810944,0.06471000,0.01840000,0.00119066,1687219208102,True,True
419810945,0.06471000,0.00260000,0.00016824,1687219208102,True,True
419810946,0.06471000,0.01150000,0.00074416,1687219208102,True,True
419810947,0.06471000,0.00950000,0.00061474,1687219208102,True,True
419810948,0.06471000,0.01690000,0.00109359,1687219208102,True,True
419810949,0.06471000,0.85480000,0.05531410,1687219208102,True,True
419810950,0.06471000,0.48240000,0.03121610,1687219208102,True,True
419810951,0.06471000,0.00200000,0.00012942,1687219209542,False,True
419810952,0.06470000,0.00480000,0.00031056,1687219213377,True,True
419810953,0.06470000,0.00520000,0.00033644,1687219221563,True,True
419810954,0.06470000,2.00000000,0.12940000,1687219221563,True,True
419810955,0.06470000,0.04780000,0.00309266,1687219221563,True,True
419810956,0.06470000,0.00190000,0.00012293,1687219221563,True,True
419810957,0.06470000,0.00170000,0.00010999,1687219221563,True,True
419810958,0.06470000,0.00180000,0.00011646,1687219221563,True,True
419810959,0.06470000,0.00270000,0.00017469,1687219221563,True,True
419810960,0.06470000,0.00160000,0.00010352,1687219221563,True,True
419810961,0.06470000,0.02650000,0.00171455,1687219221563,True,True
419810962,0.06470000,1.69360000,0.10957592,1687219221563,True,True
419810963,0.06470000,0.00160000,0.00010352,1687219221563,True,True
419810964,0.06470000,0.03040000,0.00196688,1687219221563,True,True
419810965,0.06470000,0.00160000,0.00010352,1687219221563,True,True
419810966,0.06470000,0.00190000,0.00012293,1687219221563,True,True
419810967,0.06470000,0.00390000,0.00025233,1687219221563,True,True
419810968,0.06470000,0.00170000,0.00010999,1687219221563,True,True
419810969,0.06470000,0.11500000,0.00744050,1687219221563,True,True
419810970,0.06470000,0.77280000,0.05000016,1687219221563,True,True
419810971,0.06470000,0.01690000,0.00109343,1687219221563,True,True
419810972,0.06470000,2.00010000,0.12940647,1687219221563,True,True
419810973,0.06471000,0.91720000,0.05935201,1687219239084,False,True
419810974,0.06471000,1.53200000,0.09913572,1687219239084,False,True
419810975,0.06471000,0.01690000,0.00109359,1687219239084,False,True
419810976,0.06471000,1.66600000,0.10780686,1687219243635,True,True
419810977,0.06472000,0.03140000,0.00203220,1687219245459,False,True
419810978,0.06472000,1.93690000,0.12535616,1687219245493,False,True
419810979,0.06472000,0.85530000,0.05535501,1687219245493,False,True
419810980,0.06472000,0.01690000,0.00109376,1687219245493,False,True
419810981,0.06472000,0.59520000,0.03852134,1687219245493,False,True
419810982,0.06472000,0.46420000,0.03004302,1687219249452,True,True
419810983,0.06472000,0.30180000,0.01953249,1687219251211,True,True
419810984,0.06472000,0.85520000,0.05534854,1687219251211,True,True
419810985,0.06472000,0.90300000,0.05844216,1687219251211,True,True
419810986,0.06472000,0.62910000,0.04071535,1687219251211,True,True
419810987,0.06472000,0.97090000,0.06283664,1687219251211,True,True
419810988,0.06472000,0.05820000,0.00376670,1687219266426,True,True
419810989,0.06473000,0.01690000,0.00109393,1687219270550,False,True
419810990,0.06473000,0.00810000,0.00052431,1687219270550,False,True
419810991,0.06474000,0.01040000,0.00067329,1687219270550,False,True
419810992,0.06473000,0.09360000,0.00605872,1687219282728,True,True
419810993,0.06474000,0.00650000,0.00042081,1687219283101,False,True
419810994,0.06474000,0.11690000,0.00756810,1687219283101,False,True
419810995,0.06473000,0.76100000,0.04925953,1687219284218,True,True
419810996,0.06473000,1.17820000,0.07626488,1687219284218,True,True
419810997,0.06474000,0.20830000,0.01348534,1687219288435,False,True
419810998,0.06474000,0.10220000,0.00661642,1687219294671,False,True
419810999,0.06474000,0.58600000,0.03793764,1687219307590,False,True
419811000,0.06474000,0.20570000,0.01331701,1687219308435,False,True
419811001,0.06474000,0.06160000,0.00398798,1687219308497,False,True
419811002,0.06474000,0.08320000,0.00538636,1687219316804,False,True
419811003,0.06473000,0.40050000,0.02592436,1687219324279,True,True
419811004,0.06474000,0.10350000,0.00670059,1687219326938,False,True
419811005,0.06474000,0.03570000,0.00231121,1687219344579,False,True
419811006,0.06475000,0.01690000,0.00109427,1687219357541,False,True
419811007,0.06475000,0.00600000,0.00038850,1687219357541,False,True
419811008,0.06475000,0.15000000,0.00971250,1687219357541,False,True
419811009,0.06475000,0.32710000,0.02117972,1687219357541,False,True
419811010,0.06474000,0.03340000,0.00216231,1687219361743,True,True
419811011,0.06475000,2.17850000,0.14105787,1687219367001,False,True
419811012,0.06475000,3.25300000,0.21063175,1687219395449,False,True
419811013,0.06475000,3.74700000,0.24261825,1687219395449,False,True
419811014,0.06475000,0.14380000,0.00931105,1687219400723,False,True
419811015,0.06475000,0.03530000,0.00228567,1687219417595,False,True
419811016,0.06474000,0.00230000,0.00014890,1687219424319,True,True
419811017,0.06474000,0.12980000,0.00840325,1687219429406,True,True
419811018,0.06475000,0.25000000,0.01618750,1687219434905,False,True
419811019,0.06475000,0.00180000,0.00011655,1687219438077,False,True
419811020,0.06474000,1.53200000,0.09918168,1687219440099,True,True
419811021,0.06474000,0.20770000,0.01344649,1687219440099,True,True
419811022,0.06474000,0.18000000,0.01165320,1687219440769,True,True
419811023,0.06474000,0.45300000,0.02932722,1687219444093,True,True
419811024,0.06474000,0.00920000,0.00059560,1687219446463,True,True
419811025,0.06474000,0.02460000,0.00159260,1687219448148,True,True
419811026,0.06475000,0.02940000,0.00190365,1687219457611,False,True
419811027,0.06475000,0.02080000,0.00134680,1687219458604,False,True
419811028,0.06475000,0.03530000,0.00228567,1687219491624,False,True
419811029,0.06474000,0.04470000,0.00289387,1687219512849,True,True
419811030,0.06474000,0.01690000,0.00109410,1687219512849,True,True
419811031,0.06473000,0.01690000,0.00109393,1687219542331,True,True
419811032,0.06473000,0.02970000,0.00192248,1687219542331,True,True
419811033,0.06473000,0.01370000,0.00088680,1687219542410,True,True
419811034,0.06474000,0.00240000,0.00015537,1687219560624,False,True
419811035,0.06474000,0.00800000,0.00051792,1687219561626,False,True
419811036,0.06474000,0.01500000,0.00097110,1687219562626,False,True
419811037,0.06474000,0.00400000,0.00025896,1687219563630,False,True
419811038,0.06474000,0.03760000,0.00243422,1687219564631,False,True
419811039,0.06474000,0.44880000,0.02905531,1687219587672,False,True
419811040,0.06474000,0.06380000,0.00413041,1687219606734,False,True
419811041,0.06474000,0.00640000,0.00041433,1687219613640,False,True
419811042,0.06474000,0.00210000,0.00013595,1687219614632,False,True
419811043,0.06474000,0.23240000,0.01504557,1687219616784,False,True
419811044,0.06474000,0.21650000,0.01401621,1687219616784,False,True
419811045,0.06474000,0.03650000,0.00236301,1687219637643,False,True
419811046,0.06473000,0.01160000,0.00075086,1687219652728,True,True
419811047,0.06473000,0.01620000,0.00104862,1687219702579,True,True
419811048,0.06473000,0.72180000,0.04672211,1687219709053,True,True
419811049,0.06474000,0.06790000,0.00439584,1687219711658,False,True
419811050,0.06473000,0.00240000,0.00015535,1687219722283,True,True
419811051,0.06473000,0.03160000,0.00204546,1687219742250,True,True
419811052,0.06474000,0.00860000,0.00055676,1687219760852,False,True
419811053,0.06474000,0.03540000,0.00229179,1687219784667,False,True
419811054,0.06473000,0.02880000,0.00186422,1687219806351,True,True
419811055,0.06474000,0.05230000,0.00338590,1687219851573,False,True
419811056,0.06474000,0.03850000,0.00249249,1687219858679,False,True
419811057,0.06474000,0.00320000,0.00020716,1687219863681,False,True
419811058,0.06474000,0.07190000,0.00465480,1687219873229,False,True
419811059,0.06473000,0.00570000,0.00036896,1687219907163,True,True
419811060,0.06474000,0.50320000,0.03257716,1687219924148,False,True
419811061,0.06474000,0.03580000,0.00231769,1687219932691,False,True
419811062,0.06473000,0.06030000,0.00390321,1687220002681,True,True
419811063,0.06473000,0.03560000,0.00230438,1687220005710,False,True
419811064,0.06473000,0.00330000,0.00021360,1687220008344,False,True
419811065,0.06473000,0.02840000,0.00183833,1687220010815,False,True
419811066,0.06472000,0.01690000,0.00109376,1687220028440,True,True
419811067,0.06471000,0.04070000,0.00263369,1687220028440,True,True
419811068,0.06471000,0.00770000,0.00049826,1687220032094,True,True
419811069,0.06471000,0.01690000,0.00109359,1687220036116,True,True
419811070,0.06471000,0.08930000,0.00577860,1687220036116,True,True
419811071,0.06471000,0.00920000,0.00059533,1687220051250,True,True
419811072,0.06472000,0.03550000,0.00229756,1687220079713,False,True
419811073,0.06472000,0.08460000,0.00547531,1687220101480,False,True
419811074,0.06472000,0.98010000,0.06343207,1687220105119,False,True
419811075,0.06472000,0.75550000,0.04889596,1687220105119,False,True
419811076,0.06472000,1.53200000,0.09915104,1687220105119,False,True
419811077,0.06472000,0.91920000,0.05949062,1687220105119,False,True
419811078,0.06472000,0.01120000,0.00072486,1687220105119,False,True
419811079,0.06472000,0.01690000,0.00109376,1687220105119,False,True
419811080,0.06473000,0.02840000,0.00183833,1687220133381,False,True
419811081,0.06473000,0.00200000,0.00012946,1687220138726,False,True
419811082,0.06472000,0.09490000,0.00614192,1687220148873,True,True
419811083,0.06473000,0.03550000,0.00229791,1687220152729,False,True
419811084,0.06473000,0.00230000,0.00014887,1687220173826,False,True
419811085,0.06473000,0.24420000,0.01580706,1687220191832,False,True
419811086,0.06473000,0.00340000,0.00022008,1687220192242,False,True
419811087,0.06472000,0.08110000,0.00524879,1687220209373,True,True
419811088,0.06473000,0.03560000,0.00230438,1687220226745,False,True
419811089,0.06472000,3.36540000,0.21780868,1687220232073,True,True
419811090,0.06473000,0.01260000,0.00081559,1687220276177,False,True
419811091,0.06472000,0.00440000,0.00028476,1687220292301,True,True
419811092,0.06473000,0.03560000,0.00230438,1687220299747,False,True
419811093,0.06473000,0.30000000,0.01941900,1687220305108,False,True
419811094,0.06473000,0.01870000,0.00121045,1687220347401,False,True
419811095,0.06473000,0.01690000,0.00109393,1687220347401,False,True
419811096,0.06473000,0.27860000,0.01803377,1687220347401,False,True
419811097,0.06472000,0.45420000,0.02939582,1687220365456,True,True
419811098,0.06472000,0.51030000,0.03302661,1687220365456,True,True
419811099,0.06472000,0.15200000,0.00983744,1687220369213,True,True
419811100,0.06473000,0.03550000,0.00229791,1687220373763,False,True
419811101,0.06473000,1.00000000,0.06473000,1687220420251,False,True
419811102,0.06472000,0.01290000,0.00083488,1687220436540,True,True
419811103,0.06473000,0.31400000,0.02032522,1687220446764,False,True
419811104,0.06472000,0.85680000,0.05545209,1687220453477,True,True
419811105,0.06472000,0.18150000,0.01174668,1687220453477,True,True
419811106,0.06473000,0.15450000,0.01000078,1687220460452,False,True
419811107,0.06472000,0.73770000,0.04774394,1687220460666,True,True
419811108,0.06472000,1.48180000,0.09590209,1687220460666,True,True
419811109,0.06472000,0.75540000,0.04888948,1687220460666,True,True
419811110,0.06472000,3.70730000,0.23993645,1687220460666,True,True
419811111,0.06472000,1.32780000,0.08593521,1687220466813,True,True
419811112,0.06472000,0.23880000,0.01545513,1687220469030,True,True
419811113,0.06472000,0.04520000,0.00292534,1687220475790,True,True
419811114,0.06472000,4.91420000,0.31804702,1687220477354,True,True
419811115,0.06472000,0.06250000,0.00404500,1687220480734,True,True
419811116,0.06472000,5.15420000,0.33357982,1687220481195,True,True
419811117,0.06472000,0.99230000,0.06422165,1687220481195,True,True
419811118,0.06472000,3.89230000,0.25190965,1687220481290,True,True
419811119,0.06472000,1.17070000,0.07576770,1687220487072,True,True
419811120,0.06472000,0.06160000,0.00398675,1687220487072,True,True
419811121,0.06472000,8.80660000,0.56996315,1687220487777,True,True
419811122,0.06472000,1.54510000,0.09999887,1687220488482,True,True
419811123,0.06472000,0.01690000,0.00109376,1687220488482,True,True
419811124,0.06471000,0.44650000,0.02889301,1687220491194,True,True
419811125,0.06471000,0.55350000,0.03581698,1687220491194,True,True
419811126,0.06471000,0.24760000,0.01602219,1687220496313,True,True
419811127,0.06471000,0.01690000,0.00109359,1687220496313,True,True
419811128,0.06471000,0.52910000,0.03423806,1687220496313,True,True
419811129,0.06471000,2.40410000,0.15556931,1687220505784,True,True
419811130,0.06471000,2.38720000,0.15447571,1687220505790,True,True
419811131,0.06471000,0.09800000,0.00634158,1687220517219,True,True
419811132,0.06471000,5.36690000,0.34729209,1687220517219,True,True
419811133,0.06471000,0.03600000,0.00232956,1687220520785,False,True
419811134,0.06471000,0.14980000,0.00969355,1687220522028,False,True
419811135,0.06471000,2.00140000,0.12951059,1687220528811,False,True
419811136,0.06471000,5.22620000,0.33818740,1687220528811,False,True
419811137,0.06471000,5.28980000,0.34230295,1687220528811,False,True
419811138,0.06471000,4.00000000,0.25884000,1687220528811,False,True
419811139,0.06471000,5.76160000,0.37283313,1687220528811,False,True
419811140,0.06471000,0.01500000,0.00097065,1687220528811,False,True
419811141,0.06471000,3.88010000,0.25108127,1687220528811,False,True
419811142,0.06470000,0.56670000,0.03666549,1687220530035,True,True
419811143,0.06470000,3.61550000,0.23392285,1687220536225,True,True
419811144,0.06470000,0.01690000,0.00109343,1687220536225,True,True
419811145,0.06470000,0.00600000,0.00038820,1687220536225,True,True
419811146,0.06470000,0.21400000,0.01384580,1687220536225,True,True
419811147,0.06470000,0.09780000,0.00632766,1687220538228,True,True
419811148,0.06471000,2.03730000,0.13183368,1687220539194,False,True
419811149,0.06470000,0.01000000,0.00064700,1687220545924,True,True
419811150,0.06470000,0.56630000,0.03663961,1687220545924,True,True
419811151,0.06471000,0.01350000,0.00087358,1687220583674,False,True
419811152,0.06470000,0.06900000,0.00446430,1687220593049,True,True
419811153,0.06471000,0.03750000,0.00242662,1687220593794,False,True
419811154,0.06470000,0.95140000,0.06155558,1687220597569,True,True
419811155,0.06470000,3.97170000,0.25696899,1687220604234,True,True
419811156,0.06470000,0.52960000,0.03426512,1687220604234,True,True
419811157,0.06470000,0.86750000,0.05612725,1687220606036,True,True
419811158,0.06469000,0.06450000,0.00417250,1687220618095,True,True
419811159,0.06469000,0.03160000,0.00204420,1687220618095,True,True
419811160,0.06469000,0.00340000,0.00021994,1687220618095,True,True
419811161,0.06469000,0.02170000,0.00140377,1687220618095,True,True
419811162,0.06469000,0.01210000,0.00078274,1687220618095,True,True
419811163,0.06469000,0.02150000,0.00139083,1687220618095,True,True
419811164,0.06469000,0.00180000,0.00011644,1687220618095,True,True
419811165,0.06469000,0.00610000,0.00039460,1687220618095,True,True
419811166,0.06469000,0.00240000,0.00015525,1687220618095,True,True
419811167,0.06469000,0.00340000,0.00021994,1687220618095,True,True
419811168,0.06469000,0.00370000,0.00023935,1687220618095,True,True
419811169,0.06469000,0.01690000,0.00109326,1687220618095,True,True
419811170,0.06469000,0.15000000,0.00970350,1687220618095,True,True
419811171,0.06469000,0.03070000,0.00198598,1687220618095,True,True
419811172,0.06469000,0.00600000,0.00038814,1687220618095,True,True
419811173,0.06469000,0.53300000,0.03447977,1687220618095,True,True
419811174,0.06469000,0.36690000,0.02373476,1687220618095,True,True
419811175,0.06468000,0.00920000,0.00059505,1687220618109,True,True
419811176,0.06468000,0.00190000,0.00012289,1687220618109,True,True
419811177,0.06468000,0.02350000,0.00151998,1687220618109,True,True
419811178,0.06468000,0.00980000,0.00063386,1687220618109,True,True
419811179,0.06468000,0.00400000,0.00025872,1687220618109,True,True
419811180,0.06468000,0.00170000,0.00010995,1687220618109,True,True
419811181,0.06468000,0.03750000,0.00242550,1687220618109,True,True
419811182,0.06468000,0.00400000,0.00025872,1687220618109,True,True
419811183,0.06468000,0.00450000,0.00029106,1687220618109,True,True
419811184,0.06468000,0.00160000,0.00010348,1687220618109,True,True
419811185,0.06468000,0.29300000,0.01895124,1687220618109,True,True
419811186,0.06468000,0.00220000,0.00014229,1687220618109,True,True
419811187,0.06468000,0.00610000,0.00039454,1687220618109,True,True
419811188,0.06468000,0.00730000,0.00047216,1687220618109,True,True
419811189,0.06468000,0.01280000,0.00082790,1687220618109,True,True
419811190,0.06468000,0.03670000,0.00237375,1687220618109,True,True
419811191,0.06468000,0.01690000,0.00109309,1687220618109,True,True
419811192,0.06468000,0.00600000,0.00038808,1687220618109,True,True
419811193,0.06468000,0.00600000,0.00038808,1687220618109,True,True
419811194,0.06468000,0.46290000,0.02994037,1687220618109,True,True
419811195,0.06468000,0.00600000,0.00038808,1687220618109,True,True
419811196,0.06468000,1.90230000,0.12304076,1687220618109,True,True
419811197,0.06468000,2.42910000,0.15711418,1687220618110,True,True
419811198,0.06468000,1.42600000,0.09223368,1687220618110,True,True
419811199,0.06468000,0.08000000,0.00517440,1687220618110,True,True
419811200,0.06468000,3.12090000,0.20185981,1687220618110,True,True
419811201,0.06467000,0.00460000,0.00029748,1687220618167,True,True
419811202,0.06467000,0.00450000,0.00029101,1687220618167,True,True
419811203,0.06467000,0.00190000,0.00012287,1687220618167,True,True
419811204,0.06467000,0.00260000,0.00016814,1687220618167,True,True
419811205,0.06467000,0.00310000,0.00020047,1687220618167,True,True
419811206,0.06467000,0.01540000,0.00099591,1687220618167,True,True
419811207,0.06467000,0.01400000,0.00090538,1687220618167,True,True
419811208,0.06467000,0.01140000,0.00073723,1687220618211,True,True
419811209,0.06468000,0.03000000,0.00194040,1687220618247,False,True
419811210,0.06468000,0.13700000,0.00886116,1687220618794,False,True
419811211,0.06467000,0.06480000,0.00419061,1687220618840,True,True
419811212,0.06467000,0.02060000,0.00133220,1687220618840,True,True
419811213,0.06467000,0.00260000,0.00016814,1687220618840,True,True
419811214,0.06467000,0.01330000,0.00086011,1687220618840,True,True
419811215,0.06467000,0.04180000,0.00270320,1687220618840,True,True
419811216,0.06467000,0.00820000,0.00053029,1687220618861,True,True
419811217,0.06467000,0.02380000,0.00153914,1687220618861,True,True
419811218,0.06467000,0.00180000,0.00011640,1687220618861,True,True
419811219,0.06467000,0.03780000,0.00244452,1687220618861,True,True
419811220,0.06467000,0.14130000,0.00913787,1687220618939,True,True
419811221,0.06467000,0.04290000,0.00277434,1687220618953,True,True
419811222,0.06467000,0.02360000,0.00152621,1687220618953,True,True
419811223,0.06467000,0.00370000,0.00023927,1687220618953,True,True
419811224,0.06467000,0.01690000,0.00109292,1687220618953,True,True
419811225,0.06467000,0.00410000,0.00026514,1687220618953,True,True
419811226,0.06467000,0.07590000,0.00490845,1687220618953,True,True
419811227,0.06467000,0.00390000,0.00025221,1687220618953,True,True
419811228,0.06467000,0.06190000,0.00400307,1687220618955,True,True
419811229,0.06467000,0.14090000,0.00911200,1687220618957,True,True
419811230,0.06467000,0.13640000,0.00882098,1687220618958,True,True
419811231,0.06467000,0.08460000,0.00547108,1687220618958,True,True
419811232,0.06467000,0.14150000,0.00915080,1687220618958,True,True
419811233,0.06467000,0.13790000,0.00891799,1687220618961,True,True
419811234,0.06467000,0.07130000,0.00461097,1687220618961,True,True
419811235,0.06467000,0.08040000,0.00519946,1687220618964,True,True
419811236,0.06467000,0.14250000,0.00921547,1687220618968,True,True
419811237,0.06467000,0.14520000,0.00939008,1687220618970,True,True
419811238,0.06467000,0.14190000,0.00917667,1687220618971,True,True
419811239,0.06467000,0.14420000,0.00932541,1687220618979,True,True
419811240,0.06467000,0.06990000,0.00452043,1687220618980,True,True
419811241,0.06467000,0.06650000,0.00430055,1687220618996,True,True
419811242,0.06467000,0.14620000,0.00945475,1687220619000,True,True
419811243,0.06467000,0.14530000,0.00939655,1687220619001,True,True
419811244,0.06467000,0.14400000,0.00931248,1687220619006,True,True
419811245,0.06467000,0.14670000,0.00948708,1687220619006,True,True
419811246,0.06467000,0.07800000,0.00504426,1687220619008,True,True
419811247,0.06467000,0.14070000,0.00909906,1687220619018,True,True
419811248,0.06467000,0.14590000,0.00943535,1687220619030,True,True
419811249,0.06466000,0.20810000,0.01345574,1687220619066,True,True
419811250,0.06466000,0.00260000,0.00016811,1687220619066,True,True
419811251,0.06466000,0.02740000,0.00177168,1687220619066,True,True
419811252,0.06466000,0.13650000,0.00882609,1687220619066,True,True
419811253,0.06466000,0.18070000,0.01168406,1687220619066,True,True
419811254,0.06466000,0.00820000,0.00053021,1687220619066,True,True
419811255,0.06466000,0.00460000,0.00029743,1687220619066,True,True
419811256,0.06466000,0.29830000,0.01928807,1687220619066,True,True
419811257,0.06466000,0.00910000,0.00058840,1687220619066,True,True
419811258,0.06466000,0.00180000,0.00011638,1687220619066,True,True
419811259,0.06466000,0.00180000,0.00011638,1687220619066,True,True
419811260,0.06466000,0.02370000,0.00153244,1687220619066,True,True
419811261,0.06466000,0.05340000,0.00345284,1687220619066,True,True
419811262,0.06466000,0.00330000,0.00021337,1687220619066,True,True
419811263,0.06466000,0.05590000,0.00361449,1687220619066,True,True
419811264,0.06466000,0.00820000,0.00053021,1687220619066,True,True
419811265,0.06466000,0.48880000,0.03160580,1687220619066,True,True
419811266,0.06466000,0.02000000,0.00129320,1687220619066,True,True
419811267,0.06466000,0.00330000,0.00021337,1687220619066,True,True
419811268,0.06466000,0.00280000,0.00018104,1687220619066,True,True
419811269,0.06466000,0.00480000,0.00031036,1687220619066,True,True
419811270,0.06466000,0.80000000,0.05172800,1687220619066,True,True
419811271,0.06466000,0.80000000,0.05172800,1687220619066,True,True
419811272,0.06465000,1.00050000,0.06468232,1687220619107,True,True
419811273,0.06465000,0.01000000,0.00064650,1687220619107,True,True
419811274,0.06465000,0.00190000,0.00012283,1687220619107,True,True
419811275,0.06465000,0.35960000,0.02324814,1687220619107,True,True
419811276,0.06465000,0.00220000,0.00014223,1687220619107,True,True
419811277,0.06465000,0.00180000,0.00011637,1687220619107,True,True
419811278,0.06465000,0.00170000,0.00010990,1687220619107,True,True
419811279,0.06465000,0.71800000,0.04641870,1687220619107,True,True
419811280,0.06465000,0.01340000,0.00086631,1687220619107,True,True
419811281,0.06465000,0.00180000,0.00011637,1687220619107,True,True
419811282,0.06465000,0.01020000,0.00065943,1687220619107,True,True
419811283,0.06465000,0.02550000,0.00164857,1687220619107,True,True
419811284,0.06465000,0.00300000,0.00019395,1687220619107,True,True
419811285,0.06465000,0.02740000,0.00177141,1687220619107,True,True
419811286,0.06465000,0.00230000,0.00014869,1687220619107,True,True
419811287,0.06465000,0.01290000,0.00083398,1687220619107,True,True
419811288,0.06465000,0.04170000,0.00269590,1687220619107,True,True
419811289,0.06465000,0.00210000,0.00013576,1687220619107,True,True
419811290,0.06465000,0.00180000,0.00011637,1687220619107,True,True
419811291,0.06465000,0.00330000,0.00021334,1687220619107,True,True
419811292,0.06465000,0.77340000,0.05000031,1687220619107,True,True
419811293,0.06465000,0.06830000,0.00441559,1687220619107,True,True
419811294,0.06465000,0.00520000,0.00033618,1687220619107,True,True
419811295,0.06465000,1.60000000,0.10344000,1687220619107,True,True
419811296,0.06465000,0.00010000,0.00000646,1687220619107,True,True
419811297,0.06465000,0.00510000,0.00032971,1687220619109,True,True
419811298,0.06465000,0.00520000,0.00033618,1687220619109,True,True
419811299,0.06465000,0.00520000,0.00033618,1687220619109,True,True
419811300,0.06465000,0.00520000,0.00033618,1687220619109,True,True
419811301,0.06465000,0.00520000,0.00033618,1687220619109,True,True
419811302,0.06465000,0.00520000,0.00033618,1687220619109,True,True
419811303,0.06465000,0.00520000,0.00033618,1687220619109,True,True
419811304,0.06465000,0.00520000,0.00033618,1687220619109,True,True
419811305,0.06465000,0.00470000,0.00030385,1687220619109,True,True
419811306,0.06465000,0.04600000,0.00297390,1687220619115,True,True
419811307,0.06465000,3.39830000,0.21970009,1687220619184,True,True
419811308,0.06464000,0.21380000,0.01382003,1687220619208,True,True
419811309,0.06464000,0.06410000,0.00414342,1687220619208,True,True
419811310,0.06464000,0.00210000,0.00013574,1687220619208,True,True
419811311,0.06464000,0.00940000,0.00060761,1687220619208,True,True
419811312,0.06464000,0.00190000,0.00012281,1687220619208,True,True
419811313,0.06464000,0.00160000,0.00010342,1687220619208,True,True
419811314,0.06464000,0.00170000,0.00010988,1687220619208,True,True
419811315,0.06464000,0.01350000,0.00087264,1687220619208,True,True
419811316,0.06464000,0.00790000,0.00051065,1687220619208,True,True
419811317,0.06464000,0.00220000,0.00014220,1687220619208,True,True
419811318,0.06464000,0.01680000,0.00108595,1687220619208,True,True
419811319,0.06464000,0.00320000,0.00020684,1687220619208,True,True
419811320,0.06464000,0.02230000,0.00144147,1687220619208,True,True
419811321,0.06464000,0.00200000,0.00012928,1687220619208,True,True
419811322,0.06464000,0.01250000,0.00080800,1687220619208,True,True
419811323,0.06464000,2.02370000,0.13081196,1687220619208,True,True
419811324,0.06464000,0.00160000,0.00010342,1687220619208,True,True
419811325,0.06464000,0.86710000,0.05604934,1687220619208,True,True
419811326,0.06464000,0.00610000,0.00039430,1687220619208,True,True
419811327,0.06464000,0.00220000,0.00014220,1687220619208,True,True
419811328,0.06464000,0.11900000,0.00769216,1687220619208,True,True
419811329,0.06464000,0.00210000,0.00013574,1687220619208,True,True
419811330,0.06464000,0.17370000,0.01122796,1687220619208,True,True
419811331,0.06464000,0.03090000,0.00199737,1687220619208,True,True
419811332,0.06464000,6.40000000,0.41369600,1687220619208,True,True
419811333,0.06463000,0.00620000,0.00040070,1687220619209,True,True
419811334,0.06463000,0.00200000,0.00012926,1687220619209,True,True
419811335,0.06463000,0.00330000,0.00021327,1687220619209,True,True
419811336,0.06465000,0.08000000,0.00517200,1687220619345,True,True
419811337,0.06465000,0.28670000,0.01853515,1687220619345,True,True
419811338,0.06465000,0.15000000,0.00969750,1687220619387,True,True
419811339,0.06465000,0.03080000,0.00199122,1687220619387,True,True
419811340,0.06465000,0.32790000,0.02119873,1687220619449,True,True
419811341,0.06465000,0.47210000,0.03052126,1687220619455,True,True
419811342,0.06465000,0.58720000,0.03796248,1687220619514,True,True
419811343,0.06465000,0.08190000,0.00529483,1687220619558,True,True
419811344,0.06464000,0.56250000,0.03636000,1687220619691,True,True
419811345,0.06463000,0.02710000,0.00175147,1687220619721,True,True
419811346,0.06463000,0.00170000,0.00010987,1687220619721,True,True
419811347,0.06463000,0.00280000,0.00018096,1687220619721,True,True
419811348,0.06463000,0.00190000,0.00012279,1687220619721,True,True
419811349,0.06463000,0.05620000,0.00363220,1687220619721,True,True
419811350,0.06463000,0.01660000,0.00107285,1687220619721,True,True
419811351,0.06463000,0.00250000,0.00016157,1687220619721,True,True
419811352,0.06463000,0.00260000,0.00016803,1687220619721,True,True
419811353,0.06463000,0.00180000,0.00011633,1687220619721,True,True
419811354,0.06463000,0.00180000,0.00011633,1687220619721,True,True
419811355,0.06463000,0.00600000,0.00038778,1687220619721,True,True
419811356,0.06463000,0.00600000,0.00038778,1687220619721,True,True
419811357,0.06463000,0.00600000,0.00038778,1687220619721,True,True
419811358,0.06463000,0.00860000,0.00055581,1687220619721,True,True
419811359,0.06463000,0.14440000,0.00933257,1687220619727,True,True
419811360,0.06464000,0.01000000,0.00064640,1687220619769,True,True
419811361,0.06464000,0.16550000,0.01069792,1687220619794,False,True
419811362,0.06464000,2.46840000,0.15955737,1687220619794,False,True
419811363,0.06463000,0.29600000,0.01913048,1687220619973,True,True
419811364,0.06463000,0.14540000,0.00939720,1687220619997,True,True
419811365,0.06463000,0.53910000,0.03484203,1687220620049,True,True
419811366,0.06462000,0.01280000,0.00082713,1687220620073,True,True
419811367,0.06462000,0.00940000,0.00060742,1687220620073,True,True
419811368,0.06462000,0.00500000,0.00032310,1687220620073,True,True
419811369,0.06462000,0.00200000,0.00012924,1687220620073,True,True
419811370,0.06462000,0.00450000,0.00029079,1687220620073,True,True
419811371,0.06462000,0.00760000,0.00049111,1687220620073,True,True
419811372,0.06462000,0.00270000,0.00017447,1687220620073,True,True
419811373,0.06462000,0.00200000,0.00012924,1687220620073,True,True
419811374,0.06462000,0.00900000,0.00058158,1687220620076,True,True
419811375,0.06462000,0.00310000,0.00020032,1687220620076,True,True
419811376,0.06462000,0.00200000,0.00012924,1687220620076,True,True
419811377,0.06462000,0.00210000,0.00013570,1687220620076,True,True
419811378,0.06462000,0.01130000,0.00073020,1687220620076,True,True
419811379,0.06462000,0.00170000,0.00010985,1687220620076,True,True
419811380,0.06462000,0.01330000,0.00085944,1687220620076,True,True
419811381,0.06462000,0.05710000,0.00368980,1687220620076,True,True
419811382,0.06462000,0.03830000,0.00247494,1687220620076,True,True
419811383,0.06462000,0.00230000,0.00014862,1687220620076,True,True
419811384,0.06462000,0.00450000,0.00029079,1687220620076,True,True
419811385,0.06462000,0.06530000,0.00421968,1687220620076,True,True
419811386,0.06462000,0.19000000,0.01227780,1687220620076,True,True
419811387,0.06462000,0.01140000,0.00073666,1687220620082,True,True
419811388,0.06462000,0.14510000,0.00937636,1687220620117,True,True
419811389,0.06462000,0.13280000,0.00858153,1687220620117,True,True
419811390,0.06462000,0.14510000,0.00937636,1687220620143,True,True
419811391,0.06462000,0.07070000,0.00456863,1687220620158,True,True
419811392,0.06462000,0.05210000,0.00336670,1687220620159,True,True
419811393,0.06462000,0.07030000,0.00454278,1687220620159,True,True
419811394,0.06462000,0.14020000,0.00905972,1687220620169,True,True
419811395,0.06462000,0.08190000,0.00529237,1687220620172,True,True
419811396,0.06462000,1.20000000,0.07754400,1687220620233,True,True
419811397,0.06463000,0.04600000,0.00297298,1687220620242,False,True
419811398,0.06463000,0.01150000,0.00074324,1687220620249,False,True
419811399,0.06463000,0.04600000,0.00297298,1687220620289,False,True
419811400,0.06462000,0.30740000,0.01986418,1687220620297,True,True
419811401,0.06463000,0.01150000,0.00074324,1687220620303,False,True
419811402,0.06462000,0.50650000,0.03273003,1687220620311,True,True
419811403,0.06462000,0.00700000,0.00045234,1687220620312,True,True
419811404,0.06462000,0.00700000,0.00045234,1687220620379,True,True
419811405,0.06462000,0.00900000,0.00058158,1687220620379,True,True
419811406,0.06463000,0.00190000,0.00012279,1687220620450,False,True
419811407,0.06462000,2.27480000,0.14699757,1687220620686,True,True
419811408,0.06462000,5.93140000,0.38328706,1687220620686,True,True
419811409,0.06462000,10.44200000,0.67476204,1687220620686,True,True
419811410,0.06462000,0.03090000,0.00199675,1687220620686,True,True
419811411,0.06462000,0.57770000,0.03733097,1687220620686,True,True
419811412,0.06462000,0.04000000,0.00258480,1687220620686,True,True
419811413,0.06462000,0.00600000,0.00038772,1687220620686,True,True
419811414,0.06462000,0.00600000,0.00038772,1687220620686,True,True
419811415,0.06462000,0.00600000,0.00038772,1687220620686,True,True
419811416,0.06462000,0.04600000,0.00297252,1687220620881,False,True
419811417,0.06462000,0.01140000,0.00073666,1687220620898,False,True
419811418,0.06462000,0.04600000,0.00297252,1687220620981,False,True
419811419,0.06462000,0.01140000,0.00073666,1687220620990,False,True
419811420,0.06461000,0.04470000,0.00288806,1687220621022,True,True
419811421,0.06461000,0.04820000,0.00311420,1687220621022,True,True
419811422,0.06461000,0.35980000,0.02324667,1687220621022,True,True
419811423,0.06461000,0.03760000,0.00242933,1687220621022,True,True
419811424,0.06461000,0.00450000,0.00029074,1687220621022,True,True
419811425,0.06461000,0.00230000,0.00014860,1687220621022,True,True
419811426,0.06461000,0.00170000,0.00010983,1687220621022,True,True
419811427,0.06461000,0.01250000,0.00080762,1687220621022,True,True
419811428,0.06461000,0.00720000,0.00046519,1687220621022,True,True
419811429,0.06461000,0.04470000,0.00288806,1687220621022,True,True
419811430,0.06461000,0.01390000,0.00089807,1687220621022,True,True
419811431,0.06461000,0.05650000,0.00365046,1687220621022,True,True
419811432,0.06461000,0.10290000,0.00664836,1687220621022,True,True
419811433,0.06461000,0.00200000,0.00012922,1687220621022,True,True
419811434,0.06461000,0.00670000,0.00043288,1687220621022,True,True
419811435,0.06461000,0.00190000,0.00012275,1687220621022,True,True
419811436,0.06461000,0.09190000,0.00593765,1687220621022,True,True
419811437,0.06461000,0.01380000,0.00089161,1687220621022,True,True
419811438,0.06461000,0.01120000,0.00072363,1687220621022,True,True
419811439,0.06461000,0.07200000,0.00465192,1687220621022,True,True
419811440,0.06461000,0.02800000,0.00180908,1687220621022,True,True
419811441,0.06461000,12.80000000,0.82700800,1687220621022,True,True
419811442,0.06461000,6.40000000,0.41350400,1687220621022,True,True
419811443,0.06461000,1.60000000,0.10337600,1687220621022,True,True
419811444,0.06461000,3.20000000,0.20675200,1687220621022,True,True
419811445,0.06461000,0.03080000,0.00198998,1687220621022,True,True
419811446,0.06462000,0.04600000,0.00297252,1687220621120,False,True
419811447,0.06462000,0.01140000,0.00073666,1687220621123,False,True
419811448,0.06462000,0.04600000,0.00297252,1687220621196,False,True
419811449,0.06462000,0.01140000,0.00073666,1687220621203,False,True
419811450,0.06461000,0.00600000,0.00038766,1687220621281,True,True
419811451,0.06461000,0.05860000,0.00378614,1687220621281,True,True
419811452,0.06461000,0.04280000,0.00276530,1687220621311,True,True
419811453,0.06461000,0.03630000,0.00234534,1687220621311,True,True
419811454,0.06461000,0.16620000,0.01073818,1687220621411,True,True
419811455,0.06461000,0.24710000,0.01596513,1687220621411,True,True
419811456,0.06460000,0.10370000,0.00669902,1687220621463,True,True
419811457,0.06461000,0.04600000,0.00297206,1687220621577,False,True
419811458,0.06461000,0.01140000,0.00073655,1687220621579,False,True
419811459,0.06461000,0.04600000,0.00297206,1687220621654,False,True
419811460,0.06461000,0.01140000,0.00073655,1687220621656,False,True
419811461,0.06461000,0.04600000,0.00297206,1687220621702,False,True
419811462,0.06461000,0.01140000,0.00073655,1687220621705,False,True
419811463,0.06461000,0.95920000,0.06197391,1687220621790,False,True
419811464,0.06461000,0.22790000,0.01472461,1687220621790,False,True
419811465,0.06461000,0.04600000,0.00297206,1687220622007,False,True
419811466,0.06461000,0.01140000,0.00073655,1687220622009,False,True
419811467,0.06461000,0.48070000,0.03105802,1687220622166,False,True
419811468,0.06461000,0.47520000,0.03070267,1687220622166,False,True
419811469,0.06461000,0.66130000,0.04272659,1687220622194,False,True
419811470,0.06461000,0.39550000,0.02555325,1687220622194,False,True
419811471,0.06461000,0.26580000,0.01717333,1687220622194,False,True
419811472,0.06461000,0.65340000,0.04221617,1687220622195,False,True
419811473,0.06461000,0.00790000,0.00051041,1687220622195,False,True
419811474,0.06461000,0.01890000,0.00122112,1687220622195,False,True
419811475,0.06461000,0.64240000,0.04150546,1687220622195,False,True
419811476,0.06462000,0.04600000,0.00297252,1687220622222,False,True
419811477,0.06462000,0.01140000,0.00073666,1687220622224,False,True
419811478,0.06462000,0.01690000,0.00109207,1687220622491,False,True
419811479,0.06462000,2.20000000,0.14216400,1687220622491,False,True
419811480,0.06462000,0.09540000,0.00616474,1687220622491,False,True
419811481,0.06462000,0.36690000,0.02370907,1687220622491,False,True
419811482,0.06463000,0.01690000,0.00109224,1687220622520,False,True
419811483,0.06463000,0.01410000,0.00091128,1687220622520,False,True
419811484,0.06463000,0.04600000,0.00297298,1687220622528,False,True
419811485,0.06463000,0.01140000,0.00073678,1687220622530,False,True
419811486,0.06462000,0.04250000,0.00274635,1687220622877,True,True
419811487,0.06462000,0.85590000,0.05530825,1687220623043,True,True
419811488,0.06463000,0.04600000,0.00297298,1687220623267,False,True
419811489,0.06463000,0.01140000,0.00073678,1687220623271,False,True
419811490,0.06463000,0.04600000,0.00297298,1687220623302,False,True
419811491,0.06463000,0.01140000,0.00073678,1687220623304,False,True
419811492,0.06463000,0.04600000,0.00297298,1687220624651,False,True
419811493,0.06463000,0.01140000,0.00073678,1687220624654,False,True
419811494,0.06463000,0.04600000,0.00297298,1687220625174,False,True
419811495,0.06463000,0.01140000,0.00073678,1687220625177,False,True
419811496,0.06463000,0.10180000,0.00657933,1687220625646,False,True
419811497,0.06463000,0.04600000,0.00297298,1687220625675,False,True
419811498,0.06463000,0.01140000,0.00073678,1687220625677,False,True
419811499,0.06462000,0.01690000,0.00109207,1687220625854,True,True
419811500,0.06462000,0.00770000,0.00049757,1687220625854,True,True
419811501,0.06462000,0.21790000,0.01408069,1687220625950,True,True
419811502,0.06462000,0.27340000,0.01766710,1687220625950,True,True
419811503,0.06462000,0.50870000,0.03287219,1687220625950,True,True
419811504,0.06463000,0.04600000,0.00297298,1687220626462,False,True
419811505,0.06463000,0.01140000,0.00073678,1687220626464,False,True
419811506,0.06462000,2.95880000,0.19119765,1687220626912,True,True
419811507,0.06462000,0.43870000,0.02834879,1687220627363,True,True
419811508,0.06462000,0.23210000,0.01499830,1687220627602,True,True
419811509,0.06462000,0.12830000,0.00829074,1687220627733,True,True
419811510,0.06463000,0.00240000,0.00015511,1687220629795,False,True
419811511,0.06463000,0.05740000,0.00370976,1687220630039,False,True
419811512,0.06463000,0.00200000,0.00012926,1687220630799,False,True
419811513,0.06462000,0.03080000,0.00199029,1687220631445,True,True
419811514,0.06462000,0.02000000,0.00129240,1687220631445,True,True
419811515,0.06462000,0.04560000,0.00294667,1687220631445,True,True
419811516,0.06463000,0.00200000,0.00012926,1687220631796,False,True
419811517,0.06463000,0.00200000,0.00012926,1687220632805,False,True
419811518,0.06462000,0.00160000,0.00010339,1687220634699,True,True
419811519,0.06462000,0.09750000,0.00630045,1687220634699,True,True
419811520,0.06463000,0.00200000,0.00012926,1687220634849,False,True
419811521,0.06463000,0.00240000,0.00015511,1687220635805,False,True
419811522,0.06462000,0.76600000,0.04949892,1687220636336,True,True
419811523,0.06462000,2.90550000,0.18775341,1687220636462,True,True
419811524,0.06462000,0.03690000,0.00238447,1687220636480,True,True
419811525,0.06463000,0.00200000,0.00012926,1687220638807,False,True
419811526,0.06462000,0.03080000,0.00199029,1687220640578,True,True
419811527,0.06462000,0.00160000,0.00010339,1687220640578,True,True
419811528,0.06462000,0.04810000,0.00310822,1687220640578,True,True
419811529,0.06462000,0.06470000,0.00418091,1687220640622,True,True
419811530,0.06462000,0.25410000,0.01641994,1687220640910,True,True
419811531,0.06462000,0.00160000,0.00010339,1687220640910,True,True
419811532,0.06462000,0.00160000,0.00010339,1687220641505,True,True
419811533,0.06462000,0.00150000,0.00009693,1687220641505,True,True
419811534,0.06462000,0.02930000,0.00189336,1687220641508,True,True
419811535,0.06462000,0.00150000,0.00009693,1687220641508,True,True
419811536,0.06462000,0.00010000,0.00000646,1687220641510,True,True
419811537,0.06462000,0.00160000,0.00010339,1687220641510,True,True
419811538,0.06462000,0.00140000,0.00009046,1687220641510,True,True
419811539,0.06462000,0.00020000,0.00001292,1687220641845,True,True
419811540,0.06462000,0.00160000,0.00010339,1687220641845,True,True
419811541,0.06461000,0.01690000,0.00109190,1687220643299,True,True
419811542,0.06461000,0.00600000,0.00038766,1687220643299,True,True
419811543,0.06461000,0.27680000,0.01788404,1687220643299,True,True
419811544,0.06461000,0.38960000,0.02517205,1687220643299,True,True
419811545,0.06461000,0.03080000,0.00198998,1687220643299,True,True
419811546,0.06461000,0.43520000,0.02811827,1687220643814,False,True
419811547,0.06461000,0.89840000,0.05804562,1687220643814,False,True
419811548,0.06461000,0.13400000,0.00865774,1687220643814,False,True
419811549,0.06460000,0.16750000,0.01082050,1687220644035,True,True
419811550,0.06460000,0.18260000,0.01179596,1687220647474,True,True
419811551,0.06460000,0.15170000,0.00979982,1687220647531,True,True
419811552,0.06460000,0.22920000,0.01480632,1687220647531,True,True
419811553,0.06460000,0.01920000,0.00124032,1687220647531,True,True
419811554,0.06460000,0.01430000,0.00092378,1687220647531,True,True
419811555,0.06460000,0.87610000,0.05659606,1687220647531,True,True
419811556,0.06460000,0.00810000,0.00052326,1687220647531,True,True
419811557,0.06460000,0.00800000,0.00051680,1687220647531,True,True
419811558,0.06460000,0.00410000,0.00026486,1687220647531,True,True
419811559,0.06460000,0.01180000,0.00076228,1687220647531,True,True
419811560,0.06460000,0.00810000,0.00052326,1687220647531,True,True
419811561,0.06460000,0.01190000,0.00076874,1687220647531,True,True
419811562,0.06460000,0.04340000,0.00280364,1687220647531,True,True
419811563,0.06460000,0.00850000,0.00054910,1687220647531,True,True
419811564,0.06460000,0.00330000,0.00021318,1687220647531,True,True
419811565,0.06460000,0.00170000,0.00010982,1687220647531,True,True
419811566,0.06460000,0.00760000,0.00049096,1687220647531,True,True
419811567,0.06460000,0.00720000,0.00046512,1687220647531,True,True
419811568,0.06460000,0.15480000,0.01000008,1687220647531,True,True
419811569,0.06460000,0.00370000,0.00023902,1687220647531,True,True
419811570,0.06460000,0.28330000,0.01830118,1687220647531,True,True
419811571,0.06460000,0.66400000,0.04289440,1687220647751,True,True
419811572,0.06460000,0.04600000,0.00297160,1687220649720,True,True
419811573,0.06460000,0.01160000,0.00074936,1687220649725,True,True
419811574,0.06460000,0.43420000,0.02804932,1687220649742,True,True
419811575,0.06460000,0.00220000,0.00014212,1687220649742,True,True
419811576,0.06460000,0.01410000,0.00091086,1687220649742,True,True
419811577,0.06460000,0.00230000,0.00014858,1687220649742,True,True
419811578,0.06460000,0.00200000,0.00012920,1687220649742,True,True
419811579,0.06460000,0.00440000,0.00028424,1687220649742,True,True
419811580,0.06460000,0.05700000,0.00368220,1687220649742,True,True
419811581,0.06460000,0.04430000,0.00286178,1687220649742,True,True
419811582,0.06460000,0.01070000,0.00069122,1687220649742,True,True
419811583,0.06460000,0.00900000,0.00058140,1687220649742,True,True
419811584,0.06460000,0.41330000,0.02669918,1687220649742,True,True
419811585,0.06460000,0.50000000,0.03230000,1687220649742,True,True
419811586,0.06460000,0.01000000,0.00064600,1687220649742,True,True
419811587,0.06460000,0.77400000,0.05000040,1687220649742,True,True
419811588,0.06460000,1.80500000,0.11660300,1687220649742,True,True
419811589,0.06460000,0.00190000,0.00012274,1687220649742,True,True
419811590,0.06460000,0.21600000,0.01395360,1687220649742,True,True
419811591,0.06460000,0.00180000,0.00011628,1687220649742,True,True
419811592,0.06460000,0.00460000,0.00029716,1687220649742,True,True
419811593,0.06460000,0.09020000,0.00582692,1687220649742,True,True
419811594,0.06460000,0.00190000,0.00012274,1687220649742,True,True
419811595,0.06460000,0.01990000,0.00128554,1687220649742,True,True
419811596,0.06460000,0.02210000,0.00142766,1687220649742,True,True
419811597,0.06460000,0.13780000,0.00890188,1687220649742,True,True
419811598,0.06460000,0.00220000,0.00014212,1687220649742,True,True
419811599,0.06460000,0.01850000,0.00119510,1687220649742,True,True
419811600,0.06460000,0.00200000,0.00012920,1687220649742,True,True
419811601,0.06460000,0.09530000,0.00615638,1687220649742,True,True
419811602,0.06460000,0.15990000,0.01032954,1687220649742,True,True
419811603,0.06460000,0.00190000,0.00012274,1687220649742,True,True
419811604,0.06460000,0.01330000,0.00085918,1687220649742,True,True
419811605,0.06460000,0.04930000,0.00318478,1687220649742,True,True
419811606,0.06460000,0.00420000,0.00027132,1687220649742,True,True
419811607,0.06460000,0.01490000,0.00096254,1687220649742,True,True
419811608,0.06460000,0.00340000,0.00021964,1687220649742,True,True
419811609,0.06460000,0.01690000,0.00109174,1687220649742,True,True
419811610,0.06460000,0.00600000,0.00038760,1687220649742,True,True
419811611,0.06460000,0.00600000,0.00038760,1687220649742,True,True
419811612,0.06460000,0.00600000,0.00038760,1687220649742,True,True
419811613,0.06460000,0.03080000,0.00198968,1687220649742,True,True
419811614,0.06460000,0.37370000,0.02414102,1687220649742,True,True
419811615,0.06460000,0.33730000,0.02178958,1687220649742,True,True
419811616,0.06460000,0.00600000,0.00038760,1687220649742,True,True
419811617,0.06460000,0.00190000,0.00012274,1687220649777,False,True
419811618,0.06460000,0.68430000,0.04420578,1687220650807,False,True
419811619,0.06459000,0.00430000,0.00027773,1687220651581,True,True
419811620,0.06459000,0.00160000,0.00010334,1687220651581,True,True
419811621,0.06459000,0.02750000,0.00177622,1687220651581,True,True
419811622,0.06459000,0.00190000,0.00012272,1687220651581,True,True
419811623,0.06459000,0.01400000,0.00090426,1687220651581,True,True
419811624,0.06459000,0.00180000,0.00011626,1687220651581,True,True
419811625,0.06459000,0.00910000,0.00058776,1687220651581,True,True
419811626,0.06459000,0.00260000,0.00016793,1687220651581,True,True
419811627,0.06459000,0.00750000,0.00048442,1687220651581,True,True
419811628,0.06459000,0.00210000,0.00013563,1687220651581,True,True
419811629,0.06459000,0.00170000,0.00010980,1687220651581,True,True
419811630,0.06459000,0.00280000,0.00018085,1687220651581,True,True
419811631,0.06459000,0.00170000,0.00010980,1687220651581,True,True
419811632,0.06459000,0.00470000,0.00030357,1687220651581,True,True
419811633,0.06459000,0.00270000,0.00017439,1687220651581,True,True
419811634,0.06459000,0.00220000,0.00014209,1687220651581,True,True
419811635,0.06459000,0.00540000,0.00034878,1687220651581,True,True
419811636,0.06459000,0.00820000,0.00052963,1687220651581,True,True
419811637,0.06459000,0.01080000,0.00069757,1687220651581,True,True
419811638,0.06459000,0.00200000,0.00012918,1687220651581,True,True
419811639,0.06459000,0.01690000,0.00109157,1687220651581,True,True
419811640,0.06459000,0.02000000,0.00129180,1687220651581,True,True
419811641,0.06459000,1.05010000,0.06782595,1687220651581,True,True
419811642,0.06460000,0.03630000,0.00234498,1687220667815,False,True
419811643,0.06460000,0.75300000,0.04864380,1687220668277,False,True
419811644,0.06460000,0.01690000,0.00109174,1687220668277,False,True
419811645,0.06460000,0.27330000,0.01765518,1687220668277,False,True
419811646,0.06460000,0.48930000,0.03160878,1687220668277,False,True
419811647,0.06461000,0.02810000,0.00181554,1687220673562,False,True
419811648,0.06461000,0.00160000,0.00010337,1687220682485,False,True
419811649,0.06461000,0.01530000,0.00098853,1687220687863,False,True
419811650,0.06461000,1.62320000,0.10487495,1687220687863,False,True
419811651,0.06461000,3.97600000,0.25688936,1687220687897,False,True
419811652,0.06461000,4.00000000,0.25844000,1687220688030,True,True
419811653,0.06461000,1.84540000,0.11923129,1687220688030,True,True
419811654,0.06461000,1.94300000,0.12553723,1687220693487,True,True
419811655,0.06461000,1.49080000,0.09632058,1687220694851,True,True
419811656,0.06461000,0.91920000,0.05938951,1687220694851,True,True
419811657,0.06461000,1.53200000,0.09898252,1687220694851,True,True
419811658,0.06461000,5.18560000,0.33504161,1687220694851,True,True
419811659,0.06461000,5.13680000,0.33188864,1687220694851,True,True
419811660,0.06460000,0.01690000,0.00109174,1687220700969,True,True
419811661,0.06460000,0.03450000,0.00222870,1687220700969,True,True
419811662,0.06461000,0.12360000,0.00798579,1687220705788,False,True
419811663,0.06460000,0.20000000,0.01292000,1687220709204,True,True
419811664,0.06461000,0.52710000,0.03405593,1687220727171,False,True
419811665,0.06461000,1.53200000,0.09898252,1687220727171,False,True
419811666,0.06461000,0.01450000,0.00093684,1687220727171,False,True
419811667,0.06461000,0.90470000,0.05845266,1687220727174,False,True
419811668,0.06461000,1.54760000,0.09999043,1687220727174,False,True
419811669,0.06461000,0.75290000,0.04864486,1687220727178,False,True
419811670,0.06461000,0.00650000,0.00041996,1687220727178,False,True
419811671,0.06461000,0.01690000,0.00109190,1687220727178,False,True
419811672,0.06461000,2.16180000,0.13967389,1687220727178,False,True
419811673,0.06462000,0.32340000,0.02089810,1687220732351,False,True
419811674,0.06462000,0.03580000,0.00231339,1687220740822,False,True
419811675,0.06461000,0.22690000,0.01466000,1687220745645,True,True
419811676,0.06461000,0.02000000,0.00129220,1687220765903,True,True
419811677,0.06462000,0.06170000,0.00398705,1687220788107,False,True
419811678,0.06462000,0.03600000,0.00232632,1687220814832,False,True
419811679,0.06462000,0.29630000,0.01914690,1687220828176,False,True
419811680,0.06462000,0.01690000,0.00109207,1687220828176,False,True
419811681,0.06462000,1.28230000,0.08286222,1687220828176,False,True
419811682,0.06462000,0.06550000,0.00423261,1687220828176,False,True
419811683,0.06461000,0.10420000,0.00673236,1687220829110,True,True
419811684,0.06461000,0.56810000,0.03670494,1687220829797,True,True
419811685,0.06461000,1.53200000,0.09898252,1687220829797,True,True
419811686,0.06461000,1.53190000,0.09897605,1687220829797,True,True
419811687,0.06461000,4.00000000,0.25844000,1687220829797,True,True
419811688,0.06461000,1.15530000,0.07464393,1687220829797,True,True
419811689,0.06461000,1.59970000,0.10335661,1687220829826,True,True
419811690,0.06461000,0.11510000,0.00743661,1687220835732,True,True
419811691,0.06461000,3.31830000,0.21439536,1687220835908,True,True
419811692,0.06461000,5.46900000,0.35335209,1687220835908,True,True
419811693,0.06461000,0.10200000,0.00659022,1687220837735,True,True
419811694,0.06461000,0.02590000,0.00167339,1687220837735,True,True
419811695,0.06461000,0.30720000,0.01984819,1687220838951,True,True
419811696,0.06461000,0.42130000,0.02722019,1687220839735,True,True
419811697,0.06462000,1.54750000,0.09999945,1687220845873,False,True
419811698,0.06462000,0.28110000,0.01816468,1687220846077,False,True
419811699,0.06461000,0.16560000,0.01069941,1687220847500,True,True
419811700,0.06461000,4.81310000,0.31097439,1687220847562,True,True
419811701,0.06461000,3.97810000,0.25702504,1687220847562,True,True
419811702,0.06461000,1.20390000,0.07778397,1687220849219,True,True
419811703,0.06461000,1.20410000,0.07779690,1687220849569,True,True
419811704,0.06461000,0.02760000,0.00178323,1687220854844,True,True
419811705,0.06461000,3.86940000,0.25000193,1687220855090,True,True
419811706,0.06461000,0.01690000,0.00109190,1687220855090,True,True
419811707,0.06461000,1.02530000,0.06624463,1687220855090,True,True
419811708,0.06460000,8.79120000,0.56791152,1687220856102,True,True
419811709,0.06460000,0.15520000,0.01002592,1687220858029,True,True
419811710,0.06460000,1.24590000,0.08048514,1687220862569,True,True
419811711,0.06460000,1.64490000,0.10626054,1687220862745,True,True
419811712,0.06460000,9.88970000,0.63887462,1687220863263,True,True
419811713,0.06460000,2.18250000,0.14098950,1687220863264,True,True
419811714,0.06460000,1.83440000,0.11850224,1687220863264,True,True
419811715,0.06460000,2.61760000,0.16909696,1687220863267,True,True
419811716,0.06460000,1.53120000,0.09891552,1687220863277,True,True
419811717,0.06460000,0.07390000,0.00477394,1687220863303,True,True
419811718,0.06460000,0.14300000,0.00923780,1687220863338,True,True
419811719,0.06460000,0.46170000,0.02982582,1687220863422,True,True
419811720,0.06460000,0.14020000,0.00905692,1687220863435,True,True
419811721,0.06460000,2.24460000,0.14500116,1687220863443,True,True
419811722,0.06460000,0.45530000,0.02941238,1687220863451,True,True
419811723,0.06460000,0.31610000,0.02042006,1687220863479,True,True
419811724,0.06460000,0.07560000,0.00488376,1687220863479,True,True
419811725,0.06460000,0.46010000,0.02972246,1687220863485,True,True
419811726,0.06460000,1.12940000,0.07295924,1687220863489,True,True
419811727,0.06460000,0.14360000,0.00927656,1687220863492,True,True
419811728,0.06460000,0.68540000,0.04427684,1687220863591,True,True
419811729,0.06460000,0.07240000,0.00467704,1687220863931,True,True
419811730,0.06460000,0.40220000,0.02598212,1687220863932,True,True
419811731,0.06460000,1.65760000,0.10708096,1687220864033,True,True
419811732,0.06460000,0.43340000,0.02799764,1687220864084,True,True
419811733,0.06460000,0.06610000,0.00427006,1687220864260,True,True
419811734,0.06460000,0.30450000,0.01967070,1687220864588,True,True
419811735,0.06460000,1.92340000,0.12425164,1687220865036,True,True
419811736,0.06460000,0.46870000,0.03027802,1687220865061,True,True
419811737,0.06460000,0.46450000,0.03000670,1687220865068,True,True
419811738,0.06460000,30.48520000,1.96934392,1687220865072,True,True
419811739,0.06460000,20.62280000,1.33223288,1687220865073,True,True
419811740,0.06460000,0.01690000,0.00109174,1687220865073,True,True
419811741,0.06460000,0.04560000,0.00294576,1687220865073,True,True
419811742,0.06460000,0.17260000,0.01114996,1687220865074,True,True
419811743,0.06460000,0.22500000,0.01453500,1687220865103,True,True
419811744,0.06459000,0.60190000,0.03887672,1687220865103,True,True
419811745,0.06459000,0.01690000,0.00109157,1687220865103,True,True
419811746,0.06459000,0.15000000,0.00968850,1687220865103,True,True
419811747,0.06459000,0.06770000,0.00437274,1687220865103,True,True
419811748,0.06459000,0.56020000,0.03618331,1687220865103,True,True
419811749,0.06459000,0.03080000,0.00198937,1687220865103,True,True
419811750,0.06459000,0.08000000,0.00516720,1687220865103,True,True
419811751,0.06459000,0.40000000,0.02583600,1687220865103,True,True
419811752,0.06459000,0.17400000,0.01123866,1687220865103,True,True
419811753,0.06459000,0.14100000,0.00910719,1687220865451,True,True
419811754,0.06459000,0.14600000,0.00943014,1687220865456,True,True
419811755,0.06459000,0.14390000,0.00929450,1687220868321,True,True
419811756,0.06459000,0.10800000,0.00697572,1687220868626,False,True
419811757,0.06459000,0.44600000,0.02880714,1687220868837,False,True
419811758,0.06459000,0.23950000,0.01546930,1687220868837,False,True
419811759,0.06458000,0.90160000,0.05822532,1687220879928,True,True
419811760,0.06458000,0.09890000,0.00638696,1687220880007,True,True
419811761,0.06458000,0.02900000,0.00187282,1687220880007,True,True
419811762,0.06458000,0.00180000,0.00011624,1687220880007,True,True
419811763,0.06458000,0.01160000,0.00074912,1687220880007,True,True
419811764,0.06458000,0.01170000,0.00075558,1687220880007,True,True
419811765,0.06458000,0.01070000,0.00069100,1687220880007,True,True
419811766,0.06458000,0.02410000,0.00155637,1687220880007,True,True
419811767,0.06458000,0.00180000,0.00011624,1687220880007,True,True
419811768,0.06458000,0.01510000,0.00097515,1687220880007,True,True
419811769,0.06458000,0.00370000,0.00023894,1687220880007,True,True
419811770,0.06458000,0.00170000,0.00010978,1687220880007,True,True
419811771,0.06458000,0.00200000,0.00012916,1687220880007,True,True
419811772,0.06458000,0.04260000,0.00275110,1687220880007,True,True
419811773,0.06458000,0.06760000,0.00436560,1687220880007,True,True
419811774,0.06458000,0.00540000,0.00034873,1687220880007,True,True
419811775,0.06458000,0.01040000,0.00067163,1687220880007,True,True
419811776,0.06458000,0.20610000,0.01330993,1687220880007,True,True
419811777,0.06458000,0.01690000,0.00109140,1687220880007,True,True
419811778,0.06458000,5.55360000,0.35865148,1687220880007,True,True
419811779,0.06457000,0.00260000,0.00016788,1687220880007,True,True
419811780,0.06457000,0.10600000,0.00684442,1687220880007,True,True
419811781,0.06457000,0.01580000,0.00102020,1687220880007,True,True
419811782,0.06457000,0.03500000,0.00225995,1687220880007,True,True
419811783,0.06457000,0.36010000,0.02325165,1687220880007,True,True
419811784,0.06457000,0.02700000,0.00174339,1687220880007,True,True
419811785,0.06457000,0.00770000,0.00049718,1687220880007,True,True
419811786,0.06457000,0.01880000,0.00121391,1687220880007,True,True
419811787,0.06457000,0.00420000,0.00027119,1687220880007,True,True
419811788,0.06457000,0.00340000,0.00021953,1687220880007,True,True
419811789,0.06457000,0.02110000,0.00136242,1687220880007,True,True
419811790,0.06457000,0.09190000,0.00593398,1687220880007,True,True
419811791,0.06457000,0.00210000,0.00013559,1687220880007,True,True
419811792,0.06457000,0.01060000,0.00068444,1687220880007,True,True
419811793,0.06457000,0.00170000,0.00010976,1687220880007,True,True
419811794,0.06457000,0.00420000,0.00027119,1687220880007,True,True
419811795,0.06457000,0.00160000,0.00010331,1687220880007,True,True
419811796,0.06457000,0.03120000,0.00201458,1687220880007,True,True
419811797,0.06457000,0.25220000,0.01628455,1687220880007,True,True
419811798,0.06457000,0.00460000,0.00029702,1687220880007,True,True
419811799,0.06457000,0.00550000,0.00035513,1687220880007,True,True
419811800,0.06457000,0.00180000,0.00011622,1687220880007,True,True
419811801,0.06457000,0.00360000,0.00023245,1687220880007,True,True
419811802,0.06457000,0.00220000,0.00014205,1687220880007,True,True
419811803,0.06457000,0.00830000,0.00053593,1687220880007,True,True
419811804,0.06457000,0.13140000,0.00848449,1687220880007,True,True
419811805,0.06457000,0.00170000,0.00010976,1687220880007,True,True
419811806,0.06457000,0.26670000,0.01722081,1687220880007,True,True
419811807,0.06457000,0.07400000,0.00477818,1687220880007,True,True
419811808,0.06457000,0.00730000,0.00047136,1687220880007,True,True
419811809,0.06457000,0.01690000,0.00109123,1687220880007,True,True
419811810,0.06457000,0.15000000,0.00968550,1687220880007,True,True
419811811,0.06457000,0.03080000,0.00198875,1687220880007,True,True
419811812,0.06457000,0.48290000,0.03118085,1687220880007,True,True
419811813,0.06457000,0.68940000,0.04451455,1687220880368,True,True
419811814,0.06458000,0.66580000,0.04299736,1687220880848,False,True
419811815,0.06457000,4.39460000,0.28375932,1687220887759,True,True
419811816,0.06457000,0.59850000,0.03864514,1687220887759,True,True
419811817,0.06457000,3.78650000,0.24449430,1687220887759,True,True
419811818,0.06458000,0.03620000,0.00233779,1687220887845,False,True
419811819,0.06457000,0.39990000,0.02582154,1687220892089,True,True
419811820,0.06457000,2.31300000,0.14935041,1687220899144,True,True
419811821,0.06457000,0.05760000,0.00371923,1687220907020,True,True
419811822,0.06458000,0.31790000,0.02052998,1687220908020,False,True
419811823,0.06458000,3.15520000,0.20376281,1687220908020,False,True
419811824,0.06457000,5.54240000,0.35787276,1687220910456,True,True
419811825,0.06457000,0.08000000,0.00516560,1687220910456,True,True
419811826,0.06457000,3.15720000,0.20386040,1687220910456,True,True
419811827,0.06457000,0.03170000,0.00204686,1687220910649,True,True
419811828,0.06457000,2.68620000,0.17344793,1687220910902,True,True
419811829,0.06457000,0.71110000,0.04591572,1687220910902,True,True
419811830,0.06458000,0.03000000,0.00193740,1687220913854,False,True
419811831,0.06458000,0.14240000,0.00919619,1687220914180,False,True
419811832,0.06458000,0.15230000,0.00983553,1687220916058,False,True
419811833,0.06458000,0.06420000,0.00414603,1687220916452,False,True
419811834,0.06458000,0.26470000,0.01709432,1687220917045,False,True
419811835,0.06458000,0.26300000,0.01698454,1687220917047,False,True
419811836,0.06458000,0.03260000,0.00210530,1687220917518,False,True
419811837,0.06458000,1.53200000,0.09893656,1687220917518,False,True
419811838,0.06458000,0.01690000,0.00109140,1687220917518,False,True
419811839,0.06458000,0.00150000,0.00009687,1687220920527,True,True
419811840,0.06458000,1.84260000,0.11899510,1687220921462,True,True
419811841,0.06458000,2.15590000,0.13922802,1687220923513,True,True
419811842,0.06458000,5.01870000,0.32410764,1687220923513,True,True
419811843,0.06458000,0.31170000,0.02012958,1687220925515,True,True
419811844,0.06459000,0.56810000,0.03669357,1687220935558,False,True
419811845,0.06459000,0.54010000,0.03488505,1687220938419,False,True
419811846,0.06459000,0.00600000,0.00038754,1687220938419,False,True
419811847,0.06459000,0.01690000,0.00109157,1687220938419,False,True
419811848,0.06459000,0.43700000,0.02822583,1687220938419,False,True
419811849,0.06459000,0.01310000,0.00084612,1687220949463,False,True
419811850,0.06459000,0.00600000,0.00038754,1687220955224,False,True
419811851,0.06459000,0.33170000,0.02142450,1687220959827,True,True
419811852,0.06459000,0.11620000,0.00750535,1687220959827,True,True
419811853,0.06459000,0.32620000,0.02106925,1687220959827,True,True
419811854,0.06460000,0.03600000,0.00232560,1687220960870,False,True
419811855,0.06460000,0.07440000,0.00480624,1687220965857,False,True
419811856,0.06460000,0.05550000,0.00358530,1687220966854,False,True
419811857,0.06460000,0.09990000,0.00645354,1687220967860,False,True
419811858,0.06460000,0.01690000,0.00109174,1687221011524,False,True
419811859,0.06460000,0.00600000,0.00038760,1687221011524,False,True
419811860,0.06460000,0.00600000,0.00038760,1687221011524,False,True
419811861,0.06460000,0.00600000,0.00038760,1687221011524,False,True
419811862,0.06460000,0.00600000,0.00038760,1687221011524,False,True
419811863,0.06461000,0.75320000,0.04866425,1687221011524,False,True
419811864,0.06461000,0.01690000,0.00109190,1687221011524,False,True
419811865,0.06461000,0.00600000,0.00038766,1687221011524,False,True
419811866,0.06461000,0.00600000,0.00038766,1687221011524,False,True
419811867,0.06461000,0.00600000,0.00038766,1687221011524,False,True
419811868,0.06461000,0.06980000,0.00450977,1687221011524,False,True
419811869,0.06461000,1.03250000,0.06670982,1687221011524,False,True
419811870,0.06461000,0.51310000,0.03315139,1687221013469,False,True
419811871,0.06461000,0.75300000,0.04865133,1687221013469,False,True
419811872,0.06461000,0.39000000,0.02519790,1687221015008,True,True
419811873,0.06462000,0.01690000,0.00109207,1687221024747,False,True
419811874,0.06462000,0.00600000,0.00038772,1687221024747,False,True
419811875,0.06462000,0.00600000,0.00038772,1687221024747,False,True
419811876,0.06462000,0.00600000,0.00038772,1687221024747,False,True
419811877,0.06462000,0.00600000,0.00038772,1687221024747,False,True
419811878,0.06462000,0.00600000,0.00038772,1687221024747,False,True
419811879,0.06462000,0.00600000,0.00038772,1687221024747,False,True
419811880,0.06462000,0.00600000,0.00038772,1687221024747,False,True
419811881,0.06463000,0.14980000,0.00968157,1687221024747,False,True
419811882,0.06463000,0.03520000,0.00227497,1687221034866,False,True
419811883,0.06463000,0.00150000,0.00009694,1687221037883,False,True
419811884,0.06463000,0.01690000,0.00109224,1687221047729,False,True
419811885,0.06463000,0.54340000,0.03511994,1687221047729,False,True
419811886,0.06463000,0.15000000,0.00969450,1687221047729,False,True
419811887,0.06463000,0.03080000,0.00199060,1687221047729,False,True
419811888,0.06463000,0.00600000,0.00038778,1687221047729,False,True
419811889,0.06463000,0.53610000,0.03464814,1687221047729,False,True
419811890,0.06464000,0.03140000,0.00202969,1687221053263,False,True
419811891,0.06463000,1.29590000,0.08375401,1687221053435,True,True
419811892,0.06464000,0.01030000,0.00066579,1687221065167,False,True
419811893,0.06463000,0.24570000,0.01587959,1687221082167,True,True
419811894,0.06464000,0.05200000,0.00336128,1687221084490,False,True
419811895,0.06463000,0.04590000,0.00296651,1687221091003,True,True
419811896,0.06463000,0.01150000,0.00074324,1687221091005,True,True
419811897,0.06464000,0.00700000,0.00045248,1687221097179,False,True
419811898,0.06463000,2.05390000,0.13274355,1687221098513,True,True
419811899,0.06464000,0.02600000,0.00168064,1687221107877,False,True
419811900,0.06463000,0.34710000,0.02243307,1687221108321,True,True
419811901,0.06463000,0.22120000,0.01429615,1687221108321,True,True
419811902,0.06462000,0.00160000,0.00010339,1687221109480,True,True
419811903,0.06462000,0.01530000,0.00098868,1687221118306,True,True
419811904,0.06462000,0.04590000,0.00296605,1687221118529,False,True
419811905,0.06462000,0.01150000,0.00074313,1687221118536,False,True
419811906,0.06461000,0.01690000,0.00109190,1687221122398,True,True
419811907,0.06460000,0.01690000,0.00109174,1687221134715,True,True
419811908,0.06460000,0.10860000,0.00701556,1687221134715,True,True
419811909,0.06460000,1.12810000,0.07287526,1687221155819,True,True
419811910,0.06461000,0.57190000,0.03695045,1687221161731,False,True
419811911,0.06461000,0.03620000,0.00233888,1687221181900,False,True
419811912,0.06461000,0.00410000,0.00026490,1687221182842,False,True
419811913,0.06460000,0.04600000,0.00297160,1687221184056,True,True
419811914,0.06460000,0.04580000,0.00295868,1687221184057,True,True
419811915,0.06461000,0.00470000,0.00030366,1687221196633,False,True
419811916,0.06460000,0.00630000,0.00040698,1687221201866,True,True
419811917,0.06461000,2.79200000,0.18039112,1687221205340,False,True
419811918,0.06461000,0.59110000,0.03819097,1687221205343,False,True
419811919,0.06461000,0.75320000,0.04866425,1687221205343,False,True
419811920,0.06461000,0.78940000,0.05100313,1687221205343,False,True
419811921,0.06461000,0.12980000,0.00838637,1687221205345,False,True
419811922,0.06461000,1.53200000,0.09898252,1687221205345,False,True
419811923,0.06461000,0.76600000,0.04949126,1687221205345,False,True
419811924,0.06461000,0.01690000,0.00109190,1687221205345,False,True
419811925,0.06461000,0.15600000,0.01007916,1687221205345,False,True
419811926,0.06461000,0.08480000,0.00547892,1687221205350,False,True
419811927,0.06461000,0.01410000,0.00091100,1687221216974,True,True
419811928,0.06462000,0.01690000,0.00109207,1687221229214,False,True
419811929,0.06462000,0.04470000,0.00288851,1687221229214,False,True
419811930,0.06461000,0.75190000,0.04858025,1687221233489,True,True
419811931,0.06461000,1.70210000,0.10997268,1687221233489,True,True
419811932,0.06461000,0.73030000,0.04718468,1687221233489,True,True
419811933,0.06462000,0.00580000,0.00037479,1687221237251,False,True
419811934,0.06461000,0.03450000,0.00222904,1687221241417,True,True
419811935,0.06461000,0.76720000,0.04956879,1687221241420,True,True
419811936,0.06461000,0.01690000,0.00109190,1687221241420,True,True
419811937,0.06461000,0.03610000,0.00233242,1687221254909,False,True
419811938,0.06461000,0.08570000,0.00553707,1687221267913,False,True
419811939,0.06461000,0.08400000,0.00542724,1687221268909,False,True
419811940,0.06461000,0.08400000,0.00542724,1687221269908,False,True
419811941,0.06461000,0.12600000,0.00814086,1687221270911,False,True
419811942,0.06461000,0.08400000,0.00542724,1687221271908,False,True
419811943,0.06461000,0.06300000,0.00407043,1687221272909,False,True
419811944,0.06461000,0.10500000,0.00678405,1687221273914,False,True
419811945,0.06461000,0.10500000,0.00678405,1687221274912,False,True
419811946,0.06461000,0.02400000,0.00155064,1687221275910,False,True
419811947,0.06461000,0.01800000,0.00116298,1687221275910,False,True
419811948,0.06461000,0.16800000,0.01085448,1687221276910,False,True
419811949,0.06460000,0.01690000,0.00109174,1687221277343,True,True
419811950,0.06460000,0.08400000,0.00542640,1687221277922,False,True
419811951,0.06460000,0.14700000,0.00949620,1687221278913,False,True
419811952,0.06460000,0.06300000,0.00406980,1687221279910,False,True
419811953,0.06460000,0.04200000,0.00271320,1687221280916,False,True
419811954,0.06460000,0.06300000,0.00406980,1687221281914,False,True
419811955,0.06459000,0.01690000,0.00109157,1687221282738,True,True
419811956,0.06459000,0.13650000,0.00881653,1687221282909,False,True
419811957,0.06459000,0.04220000,0.00272569,1687221283909,False,True
419811958,0.06459000,0.02380000,0.00153724,1687221284911,False,True
419811959,0.06459000,0.03100000,0.00200229,1687221291776,False,True
419811960,0.06459000,0.00160000,0.00010334,1687221292580,False,True
419811961,0.06459000,0.56240000,0.03632541,1687221301032,False,True
419811962,0.06459000,0.55340000,0.03574410,1687221301032,False,True
419811963,0.06459000,6.18540000,0.39951498,1687221301032,False,True
419811964,0.06459000,0.43990000,0.02841314,1687221301032,False,True
419811965,0.06458000,0.01690000,0.00109140,1687221304113,True,True
419811966,0.06458000,0.15000000,0.00968700,1687221304113,True,True
419811967,0.06458000,0.03080000,0.00198906,1687221304113,True,True
419811968,0.06458000,0.47020000,0.03036551,1687221304113,True,True
419811969,0.06458000,0.10940000,0.00706505,1687221307846,True,True
419811970,0.06458000,0.10940000,0.00706505,1687221307865,True,True
419811971,0.06458000,0.11930000,0.00770439,1687221308078,True,True
419811972,0.06459000,0.03600000,0.00232524,1687221328921,False,True
419811973,0.06459000,0.03870000,0.00249963,1687221340578,False,True
419811974,0.06458000,0.11540000,0.00745253,1687221354328,True,True
419811975,0.06459000,0.10180000,0.00657526,1687221394857,False,True
419811976,0.06459000,5.73070000,0.37014591,1687221394857,False,True
419811977,0.06459000,1.53200000,0.09895188,1687221394857,False,True
419811978,0.06459000,0.91920000,0.05937112,1687221394857,False,True
419811979,0.06459000,0.89880000,0.05805349,1687221394857,False,True
419811980,0.06459000,5.75960000,0.37201256,1687221394857,False,True
419811981,0.06459000,5.26910000,0.34033116,1687221394857,False,True
419811982,0.06459000,1.34980000,0.08718358,1687221394857,False,True
419811983,0.06459000,0.01690000,0.00109157,1687221394857,False,True
419811984,0.06459000,10.62260000,0.68611373,1687221394857,False,True
419811985,0.06459000,5.21370000,0.33675288,1687221394857,False,True
419811986,0.06459000,1.21540000,0.07850268,1687221394857,False,True
419811987,0.06459000,6.21780000,0.40160770,1687221394857,False,True
419811988,0.06460000,0.03620000,0.00233852,1687221401926,False,True
419811989,0.06459000,0.24400000,0.01575996,1687221402560,True,True
419811990,0.06460000,0.30070000,0.01942522,1687221420423,False,True
419811991,0.06460000,0.06150000,0.00397290,1687221438253,False,True
419811992,0.06460000,0.01590000,0.00102714,1687221438253,False,True
419811993,0.06459000,0.05000000,0.00322950,1687221449360,True,True
419811994,0.06459000,0.00770000,0.00049734,1687221462663,True,True
419811995,0.06459000,0.33740000,0.02179266,1687221462793,True,True
419811996,0.06459000,0.05750000,0.00371392,1687221462805,True,True
419811997,0.06459000,0.05750000,0.00371392,1687221462823,True,True
419811998,0.06460000,0.52880000,0.03416048,1687221464094,False,True
419811999,0.06459000,1.34780000,0.08705440,1687221467928,True,True
419812000,0.06459000,0.20000000,0.01291800,1687221471824,True,True
419812001,0.06459000,1.43530000,0.09270602,1687221472962,True,True
419812002,0.06460000,0.03600000,0.00232560,1687221474953,False,True
419812003,0.06459000,0.04460000,0.00288071,1687221484140,True,True
419812004,0.06459000,0.85640000,0.05531487,1687221491090,True,True
419812005,0.06459000,0.08670000,0.00559995,1687221492107,True,True
419812006,0.06459000,0.03000000,0.00193770,1687221492214,True,True
419812007,0.06459000,0.03680000,0.00237691,1687221492441,True,True
419812008,0.06459000,0.23010000,0.01486215,1687221492451,True,True
419812009,0.06459000,0.13080000,0.00844837,1687221492455,True,True
419812010,0.06459000,0.94890000,0.06128945,1687221492455,True,True
419812011,0.06459000,0.14550000,0.00939784,1687221492519,True,True
419812012,0.06459000,1.16520000,0.07526026,1687221492561,True,True
419812013,0.06459000,0.45940000,0.02967264,1687221492635,True,True
419812014,0.06459000,1.28100000,0.08273979,1687221493033,True,True
419812015,0.06459000,7.51350000,0.48529696,1687221493033,True,True
419812016,0.06459000,0.46550000,0.03006664,1687221493061,True,True
419812017,0.06459000,0.12380000,0.00799624,1687221493091,True,True
419812018,0.06459000,8.83650000,0.57074953,1687221493605,True,True
419812019,0.06459000,10.30720000,0.66574204,1687221493607,True,True
419812020,0.06459000,4.36880000,0.28218079,1687221493611,True,True
419812021,0.06458000,0.08230000,0.00531493,1687221493611,True,True
419812022,0.06458000,0.01690000,0.00109140,1687221493611,True,True
419812023,0.06458000,3.16650000,0.20449257,1687221493611,True,True
419812024,0.06457000,0.01690000,0.00109123,1687221498766,True,True
419812025,0.06457000,0.00600000,0.00038742,1687221498766,True,True
419812026,0.06457000,0.04770000,0.00307998,1687221498766,True,True
419812027,0.06458000,0.01100000,0.00071038,1687221519956,False,True
419812028,0.06458000,0.02750000,0.00177595,1687221520959,False,True
419812029,0.06458000,0.01650000,0.00106557,1687221521958,False,True
419812030,0.06458000,0.01320000,0.00085245,1687221522956,False,True
419812031,0.06458000,0.00440000,0.00028415,1687221523955,False,True
419812032,0.06458000,0.07430000,0.00479829,1687221529379,False,True
419812033,0.06458000,0.03720000,0.00240237,1687221548960,False,True
419812034,0.06457000,0.00410000,0.00026473,1687221558103,True,True
419812035,0.06458000,1.53200000,0.09893656,1687221570578,False,True
419812036,0.06458000,0.76600000,0.04946828,1687221570578,False,True
419812037,0.06458000,0.01690000,0.00109140,1687221570578,False,True
419812038,0.06458000,1.23870000,0.07999524,1687221570578,False,True
419812039,0.06459000,0.01690000,0.00109157,1687221573966,False,True
419812040,0.06460000,0.06610000,0.00427006,1687221573966,False,True
419812041,0.06460000,0.14980000,0.00967708,1687221574961,False,True
419812042,0.06460000,0.18220000,0.01177012,1687221574961,False,True
419812043,0.06460000,0.24900000,0.01608540,1687221575964,False,True
419812044,0.06460000,0.33200000,0.02144720,1687221576963,False,True
419812045,0.06460000,0.12490000,0.00806854,1687221577961,False,True
419812046,0.06460000,0.01690000,0.00109174,1687221578963,False,True
419812047,0.06460000,0.10760000,0.00695096,1687221578963,False,True
419812048,0.06460000,0.09110000,0.00588506,1687221579965,False,True
419812049,0.06460000,0.02490000,0.00160854,1687221580962,False,True
419812050,0.06460000,0.03850000,0.00248710,1687221581964,False,True
419812051,0.06459000,0.02400000,0.00155016,1687221588732,True,True
419812052,0.06459000,0.28300000,0.01827897,1687221595796,True,True
419812053,0.06459000,0.28560000,0.01844690,1687221600065,True,True
419812054,0.06459000,0.87740000,0.05667126,1687221600065,True,True
419812055,0.06460000,0.10220000,0.00660212,1687221602293,False,True
419812056,0.06460000,0.02870000,0.00185402,1687221612176,False,True
419812057,0.06460000,0.03620000,0.00233852,1687221622968,False,True
419812058,0.06460000,0.77400000,0.05000040,1687221626088,False,True
419812059,0.06460000,0.77400000,0.05000040,1687221633378,False,True
419812060,0.06460000,0.14360000,0.00927656,1687221636665,False,True
419812061,0.06460000,1.03350000,0.06676410,1687221636665,False,True
419812062,0.06460000,0.12270000,0.00792642,1687221636857,False,True
419812063,0.06460000,1.37560000,0.08886376,1687221636857,False,True
419812064,0.06461000,0.77390000,0.05000167,1687221639641,False,True
419812065,0.06460000,0.16110000,0.01040706,1687221641935,True,True
419812066,0.06461000,0.77390000,0.05000167,1687221643902,False,True
419812067,0.06461000,0.15150000,0.00978841,1687221656167,False,True
419812068,0.06461000,0.01690000,0.00109190,1687221656167,False,True
419812069,0.06461000,0.36690000,0.02370540,1687221656167,False,True
419812070,0.06461000,0.23860000,0.01541594,1687221656167,False,True
419812071,0.06461000,0.77390000,0.05000167,1687221661433,False,True
419812072,0.06461000,0.77390000,0.05000167,1687221672699,False,True
419812073,0.06460000,0.03810000,0.00246126,1687221675353,True,True
419812074,0.06461000,0.77390000,0.05000167,1687221675977,False,True
419812075,0.06461000,0.77390000,0.05000167,1687221682243,False,True
419812076,0.06461000,0.03660000,0.00236472,1687221696989,False,True
419812077,0.06461000,0.10240000,0.00661606,1687221697674,False,True
419812078,0.06460000,0.28580000,0.01846268,1687221705523,True,True
419812079,0.06460000,0.16970000,0.01096262,1687221706595,True,True
419812080,0.06460000,0.28580000,0.01846268,1687221707522,True,True
419812081,0.06460000,0.28580000,0.01846268,1687221708522,True,True
419812082,0.06462000,0.02700000,0.00174474,1687221727269,False,True
419812083,0.06461000,0.00310000,0.00020029,1687221743319,True,True
419812084,0.06462000,0.00850000,0.00054927,1687221743704,False,True
419812085,0.06462000,0.76140000,0.04920166,1687221767651,False,True
419812086,0.06462000,0.50380000,0.03255555,1687221767651,False,True
419812087,0.06462000,0.01690000,0.00109207,1687221767651,False,True
419812088,0.06462000,5.62140000,0.36325486,1687221767651,False,True
419812089,0.06462000,5.88150000,0.38006253,1687221767651,False,True
419812090,0.06462000,12.22390000,0.78990841,1687221767651,False,True
419812091,0.06462000,3.24610000,0.20976298,1687221767651,False,True
419812092,0.06462000,5.79840000,0.37469260,1687221767651,False,True
419812093,0.06463000,0.01690000,0.00109224,1687221771003,False,True
419812094,0.06463000,0.00600000,0.00038778,1687221771003,False,True
419812095,0.06463000,0.01280000,0.00082726,1687221771003,False,True
419812096,0.06463000,0.00710000,0.00045887,1687221771623,False,True
419812097,0.06463000,0.01790000,0.00115687,1687221792799,False,True
419812098,0.06463000,0.00870000,0.00056228,1687221835319,False,True
419812099,0.06463000,0.03630000,0.00234606,1687221844013,False,True
419812100,0.06463000,0.03500000,0.00226205,1687221848815,False,True
419812101,0.06463000,0.09090000,0.00587486,1687221848815,False,True
419812102,0.06462000,0.80080000,0.05174769,1687221866932,True,True
419812103,0.06463000,0.99890000,0.06455890,1687221884704,False,True
419812104,0.06463000,5.06980000,0.32766117,1687221897427,False,True
419812105,0.06463000,0.00600000,0.00038778,1687221897427,False,True
419812106,0.06463000,5.58800000,0.36115244,1687221897427,False,True
419812107,0.06463000,6.13740000,0.39666016,1687221897427,False,True
419812108,0.06463000,5.75520000,0.37195857,1687221897427,False,True
419812109,0.06463000,4.48560000,0.28990432,1687221897427,False,True
419812110,0.06463000,0.05410000,0.00349648,1687221901170,False,True
419812111,0.06462000,0.11220000,0.00725036,1687221907030,True,True
419812112,0.06462000,0.15110000,0.00976408,1687221914794,True,True
419812113,0.06463000,0.03630000,0.00234606,1687221918022,False,True
419812114,0.06463000,0.13470000,0.00870566,1687221918834,False,True
419812115,0.06463000,0.19900000,0.01286137,1687221921378,False,True
419812116,0.06462000,0.50000000,0.03231000,1687221925814,True,True
419812117,0.06462000,0.04590000,0.00296605,1687221942073,True,True
419812118,0.06462000,0.00390000,0.00025201,1687221942075,True,True
419812119,0.06462000,0.00760000,0.00049111,1687221942075,True,True
419812120,0.06462000,0.91160000,0.05890759,1687221942840,True,True
419812121,0.06462000,0.08310000,0.00536992,1687221942840,True,True
419812122,0.06463000,0.62680000,0.04051008,1687221955531,False,True
419812123,0.06463000,0.00600000,0.00038778,1687221955531,False,True
419812124,0.06463000,0.81300000,0.05254419,1687221955531,False,True
419812125,0.06464000,0.02650000,0.00171296,1687221969798,False,True
419812126,0.06463000,1.18720000,0.07672873,1687221972371,True,True
419812127,0.06463000,0.81320000,0.05255711,1687221972371,True,True
419812128,0.06463000,0.36690000,0.02371274,1687221972371,True,True
419812129,0.06463000,0.18300000,0.01182729,1687221972371,True,True
419812130,0.06463000,0.91920000,0.05940789,1687221972371,True,True
419812131,0.06463000,1.53200000,0.09901316,1687221972371,True,True
419812132,0.06463000,0.05820000,0.00376146,1687221972371,True,True
419812133,0.06463000,4.50650000,0.29125509,1687221972383,True,True
419812134,0.06464000,0.02490000,0.00160953,1687221991036,False,True
419812135,0.06464000,0.57510000,0.03717446,1687221994801,False,True
419812136,0.06464000,0.01690000,0.00109241,1687221994801,False,True
419812137,0.06464000,0.60750000,0.03926880,1687221994801,False,True
419812138,0.06464000,0.99530000,0.06433619,1687221994801,False,True
419812139,0.06464000,0.00600000,0.00038784,1687221994801,False,True
419812140,0.06464000,0.66410000,0.04292742,1687221994801,False,True
419812141,0.06464000,5.75550000,0.37203552,1687221994801,False,True
419812142,0.06464000,1.54720000,0.10001100,1687221994801,False,True
419812143,0.06464000,1.54720000,0.10001100,1687221994801,False,True
419812144,0.06464000,0.03080000,0.00199091,1687221994801,False,True
419812145,0.06464000,0.52950000,0.03422688,1687221994801,False,True
419812146,0.06464000,0.00600000,0.00038784,1687221994801,False,True
419812147,0.06464000,6.16060000,0.39822118,1687221994801,False,True
419812148,0.06464000,0.20680000,0.01336755,1687221994801,False,True
419812149,0.06464000,5.42380000,0.35059443,1687221994801,False,True
419812150,0.06464000,0.54810000,0.03542918,1687221994801,False,True
419812151,0.06464000,2.20000000,0.14220800,1687221994801,False,True
419812152,0.06464000,3.31990000,0.21459833,1687221994801,False,True
419812153,0.06464000,3.90000000,0.25209600,1687221994801,False,True
419812154,0.06464000,1.32360000,0.08555750,1687221994801,False,True
419812155,0.06464000,11.75920000,0.76011468,1687221994801,False,True
419812156,0.06464000,6.07270000,0.39253932,1687221994801,False,True
419812157,0.06464000,0.09650000,0.00623776,1687221994801,False,True
419812158,0.06464000,0.14490000,0.00936633,1687221994801,False,True
419812159,0.06464000,2.06650000,0.13357856,1687221994801,False,True
419812160,0.06464000,0.00220000,0.00014220,1687221997033,False,True
419812161,0.06463000,0.29720000,0.01920803,1687222002265,True,True
419812162,0.06463000,0.29390000,0.01899475,1687222002269,True,True
419812163,0.06463000,0.29480000,0.01905292,1687222002278,True,True
419812164,0.06464000,2.93130000,0.18947923,1687222004809,False,True
419812165,0.06464000,0.53460000,0.03455654,1687222004809,False,True
419812166,0.06464000,5.68420000,0.36742668,1687222004809,False,True
419812167,0.06464000,4.71910000,0.30504262,1687222004809,False,True
419812168,0.06464000,12.19400000,0.78822016,1687222004809,False,True
419812169,0.06464000,5.75300000,0.37187392,1687222004809,False,True
419812170,0.06464000,0.08270000,0.00534572,1687222004809,False,True
419812171,0.06464000,2.20000000,0.14220800,1687222004809,False,True
419812172,0.06464000,0.20100000,0.01299264,1687222004809,False,True
419812173,0.06464000,5.26230000,0.34015507,1687222015914,False,True
419812174,0.06464000,0.49870000,0.03223596,1687222015914,False,True
419812175,0.06464000,5.01240000,0.32400153,1687222015914,False,True
419812176,0.06464000,0.76150000,0.04922336,1687222015914,False,True
419812177,0.06464000,10.53730000,0.68113107,1687222015914,False,True
419812178,0.06464000,0.19150000,0.01237856,1687222015914,False,True
419812179,0.06464000,5.75300000,0.37187392,1687222015914,False,True
419812180,0.06464000,2.20000000,0.14220800,1687222015914,False,True
419812181,0.06464000,0.05810000,0.00375558,1687222015914,False,True
419812182,0.06464000,0.45380000,0.02933363,1687222015914,False,True
419812183,0.06464000,0.07090000,0.00458297,1687222015914,False,True
419812184,0.06464000,1.54700000,0.09999808,1687222015914,False,True
419812185,0.06464000,9.72370000,0.62853996,1687222015920,True,True
419812186,0.06464000,0.44520000,0.02877772,1687222015944,True,True
419812187,0.06464000,1.30100000,0.08409664,1687222015960,True,True
419812188,0.06464000,0.03000000,0.00193920,1687222015969,True,True
419812189,0.06464000,9.67980000,0.62570227,1687222016241,True,True
419812190,0.06464000,10.22480000,0.66093107,1687222016915,True,True
419812191,0.06464000,1.14830000,0.07422611,1687222017293,True,True
419812192,0.06463000,0.02640000,0.00170623,1687222023022,True,True
419812193,0.06463000,5.01080000,0.32384800,1687222023420,True,True
419812194,0.06463000,3.69700000,0.23893711,1687222023420,True,True
419812195,0.06463000,0.64280000,0.04154416,1687222023735,True,True
419812196,0.06463000,0.01690000,0.00109224,1687222023735,True,True
419812197,0.06462000,0.01690000,0.00109207,1687222028623,True,True
419812198,0.06462000,1.22220000,0.07897856,1687222028623,True,True
419812199,0.06462000,5.76470000,0.37251491,1687222028623,True,True
419812200,0.06462000,1.96440000,0.12693952,1687222028623,True,True
419812201,0.06461000,0.01690000,0.00109190,1687222049814,True,True
419812202,0.06461000,1.26920000,0.08200301,1687222049814,True,True
419812203,0.06461000,0.62060000,0.04009696,1687222049904,True,True
419812204,0.06461000,3.48490000,0.22515938,1687222050060,True,True
419812205,0.06461000,5.30630000,0.34284004,1687222050060,True,True
419812206,0.06461000,0.30720000,0.01984819,1687222053734,True,True
419812207,0.06461000,0.87840000,0.05675342,1687222053734,True,True
419812208,0.06461000,2.37230000,0.15327430,1687222056755,True,True
419812209,0.06461000,0.47400000,0.03062514,1687222056755,True,True
419812210,0.06461000,0.02920000,0.00188661,1687222059830,True,True
419812211,0.06461000,0.04600000,0.00297206,1687222059830,True,True
419812212,0.06461000,0.01970000,0.00127281,1687222059832,True,True
419812213,0.06461000,0.01160000,0.00074947,1687222059833,True,True
419812214,0.06461000,0.10830000,0.00699726,1687222060357,True,True
419812215,0.06461000,5.27090000,0.34055284,1687222060453,True,True
419812216,0.06461000,3.51640000,0.22719460,1687222060453,True,True
419812217,0.06461000,0.31590000,0.02041029,1687222060915,True,True
419812218,0.06462000,0.03630000,0.00234570,1687222064041,False,True
419812219,0.06461000,1.87600000,0.12120836,1687222069688,True,True
419812220,0.06461000,0.65920000,0.04259091,1687222069688,True,True
419812221,0.06460000,0.79670000,0.05146682,1687222070672,True,True
419812222,0.06460000,0.99130000,0.06403798,1687222070672,True,True
419812223,0.06460000,1.01550000,0.06560130,1687222070672,True,True
419812224,0.06460000,0.01690000,0.00109174,1687222070672,True,True
419812225,0.06460000,0.03080000,0.00198968,1687222070672,True,True
419812226,0.06460000,0.00600000,0.00038760,1687222070672,True,True
419812227,0.06460000,0.44680000,0.02886328,1687222070672,True,True
419812228,0.06460000,3.23660000,0.20908436,1687222070672,True,True
419812229,0.06460000,2.24670000,0.14513682,1687222070672,True,True
419812230,0.06461000,0.34200000,0.02209662,1687222071571,False,True
419812231,0.06460000,0.12840000,0.00829464,1687222071690,True,True
419812232,0.06459000,0.01690000,0.00109157,1687222079696,True,True
419812233,0.06459000,0.16130000,0.01041836,1687222079696,True,True
419812234,0.06459000,0.12560000,0.00811250,1687222080091,True,True
419812235,0.06460000,0.03380000,0.00218348,1687222080190,False,True
419812236,0.06460000,0.12270000,0.00792642,1687222080542,False,True
419812237,0.06460000,0.05280000,0.00341088,1687222108505,False,True
419812238,0.06459000,0.30000000,0.01937700,1687222115186,True,True
419812239,0.06459000,0.03450000,0.00222835,1687222115234,True,True
419812240,0.06459000,0.10350000,0.00668506,1687222115241,True,True
419812241,0.06459000,0.07190000,0.00464402,1687222115248,True,True
419812242,0.06459000,0.03160000,0.00204104,1687222115248,True,True
419812243,0.06459000,0.10350000,0.00668506,1687222115311,True,True
419812244,0.06459000,0.10350000,0.00668506,1687222115320,True,True
419812245,0.06459000,0.10350000,0.00668506,1687222115336,True,True
419812246,0.06459000,0.10350000,0.00668506,1687222115370,True,True
419812247,0.06459000,0.10350000,0.00668506,1687222115376,True,True
419812248,0.06459000,0.04380000,0.00282904,1687222115379,True,True
419812249,0.06459000,0.05970000,0.00385602,1687222115379,True,True
419812250,0.06459000,0.09030000,0.00583247,1687222116146,True,True
419812251,0.06459000,0.03080000,0.00198937,1687222116146,True,True
419812252,0.06458000,0.01690000,0.00109140,1687222127387,True,True
419812253,0.06458000,0.52840000,0.03412407,1687222127387,True,True
419812254,0.06458000,8.24200000,0.53226836,1687222127387,True,True
419812255,0.06458000,0.35900000,0.02318422,1687222130219,True,True
419812256,0.06458000,0.03080000,0.00198906,1687222130219,True,True
419812257,0.06458000,0.79730000,0.05148963,1687222130219,True,True
419812258,0.06458000,0.01070000,0.00069100,1687222131055,False,True
419812259,0.06457000,0.01690000,0.00109123,1687222134562,True,True
419812260,0.06457000,0.24030000,0.01551617,1687222134562,True,True
419812261,0.06457000,0.03080000,0.00198875,1687222137056,True,True
419812262,0.06457000,0.03780000,0.00244074,1687222138056,False,True
419812263,0.06456000,0.01600000,0.00103296,1687222141032,True,True
419812264,0.06456000,0.03340000,0.00215630,1687222141032,True,True
419812265,0.06456000,0.00740000,0.00047774,1687222141032,True,True
419812266,0.06456000,0.00220000,0.00014203,1687222141032,True,True
419812267,0.06456000,0.03050000,0.00196908,1687222141032,True,True
419812268,0.06456000,0.00260000,0.00016785,1687222141032,True,True
419812269,0.06456000,0.00170000,0.00010975,1687222141032,True,True
419812270,0.06456000,0.00160000,0.00010329,1687222141032,True,True
419812271,0.06456000,0.10080000,0.00650764,1687222141032,True,True
419812272,0.06456000,0.00470000,0.00030343,1687222141032,True,True
419812273,0.06456000,0.00570000,0.00036799,1687222141032,True,True
419812274,0.06456000,0.00180000,0.00011620,1687222141032,True,True
419812275,0.06456000,0.00160000,0.00010329,1687222141032,True,True
419812276,0.06456000,0.14480000,0.00934828,1687222141032,True,True
419812277,0.06456000,0.00180000,0.00011620,1687222141032,True,True
419812278,0.06456000,0.19490000,0.01258274,1687222141032,True,True
419812279,0.06456000,0.00650000,0.00041964,1687222141032,True,True
419812280,0.06456000,0.00960000,0.00061977,1687222141032,True,True
419812281,0.06456000,0.06180000,0.00398980,1687222141032,True,True
419812282,0.06456000,0.03540000,0.00228542,1687222145022,True,True
419812283,0.06456000,0.00700000,0.00045192,1687222145022,True,True
419812284,0.06456000,0.00700000,0.00045192,1687222145022,True,True
419812285,0.06456000,0.00160000,0.00010329,1687222145022,True,True
419812286,0.06456000,0.01050000,0.00067788,1687222145022,True,True
419812287,0.06456000,0.04890000,0.00315698,1687222145022,True,True
419812288,0.06456000,0.11040000,0.00712742,1687222145078,True,True
419812289,0.06456000,0.21210000,0.01369317,1687222145200,True,True
419812290,0.06456000,0.10760000,0.00694665,1687222145212,True,True
419812291,0.06456000,0.01760000,0.00113625,1687222145212,True,True
419812292,0.06456000,0.00280000,0.00018076,1687222145212,True,True
419812293,0.06456000,0.00310000,0.00020013,1687222145212,True,True
419812294,0.06456000,0.00600000,0.00038736,1687222145212,True,True
419812295,0.06456000,0.00180000,0.00011620,1687222145212,True,True
419812296,0.06456000,0.01690000,0.00109106,1687222145212,True,True
419812297,0.06456000,0.08980000,0.00579748,1687222145212,True,True
419812298,0.06456000,0.11460000,0.00739857,1687222145225,True,True
419812299,0.06456000,0.07070000,0.00456439,1687222145238,True,True
419812300,0.06456000,0.04390000,0.00283418,1687222145273,True,True
419812301,0.06456000,0.02680000,0.00173020,1687222145285,True,True
419812302,0.06456000,0.02680000,0.00173020,1687222145294,True,True
419812303,0.06456000,0.20440000,0.01319606,1687222145462,True,True
419812304,0.06456000,0.15000000,0.00968400,1687222148437,True,True
419812305,0.06456000,0.58890000,0.03801938,1687222148437,True,True
419812306,0.06456000,0.01940000,0.00125246,1687222148437,True,True
419812307,0.06456000,0.62220000,0.04016923,1687222148437,True,True
419812308,0.06455000,0.06450000,0.00416347,1687222149033,True,True
419812309,0.06455000,0.00190000,0.00012264,1687222149033,True,True
419812310,0.06455000,0.00180000,0.00011619,1687222149033,True,True
419812311,0.06455000,0.00170000,0.00010973,1687222149033,True,True
419812312,0.06455000,0.04780000,0.00308549,1687222149033,True,True
419812313,0.06455000,0.00610000,0.00039375,1687222149033,True,True
419812314,0.06455000,0.00170000,0.00010973,1687222149033,True,True
419812315,0.06455000,0.05180000,0.00334369,1687222149033,True,True
419812316,0.06455000,0.03230000,0.00208496,1687222149033,True,True
419812317,0.06455000,0.00330000,0.00021301,1687222149033,True,True
419812318,0.06455000,0.01060000,0.00068423,1687222149033,True,True
419812319,0.06455000,0.00450000,0.00029047,1687222149033,True,True
419812320,0.06455000,0.06570000,0.00424093,1687222149033,True,True
419812321,0.06455000,0.71180000,0.04594669,1687222149033,True,True
419812322,0.06456000,0.81310000,0.05249373,1687222150060,False,True
419812323,0.06456000,0.24540000,0.01584302,1687222150060,False,True
419812324,0.06456000,0.25680000,0.01657900,1687222157892,False,True
419812325,0.06455000,0.09740000,0.00628717,1687222159276,True,True
419812326,0.06456000,0.02260000,0.00145905,1687222162321,False,True
419812327,0.06456000,0.04940000,0.00318926,1687222181546,False,True
419812328,0.06456000,1.55060000,0.10010673,1687222181546,False,True
419812329,0.06455000,0.05790000,0.00373744,1687222186465,True,True
419812330,0.06455000,0.04740000,0.00305967,1687222186465,True,True
419812331,0.06455000,0.01100000,0.00071005,1687222187342,True,True
419812332,0.06455000,0.11680000,0.00753944,1687222192392,True,True
419812333,0.06455000,0.01100000,0.00071005,1687222193330,True,True
419812334,0.06455000,0.17300000,0.01116715,1687222194621,True,True
419812335,0.06455000,0.14790000,0.00954694,1687222197665,True,True
419812336,0.06455000,0.26750000,0.01726712,1687222197744,True,True
419812337,0.06455000,0.00180000,0.00011619,1687222197744,True,True
419812338,0.06455000,0.00170000,0.00010973,1687222197744,True,True
419812339,0.06455000,0.00200000,0.00012910,1687222197744,True,True
419812340,0.06455000,0.00260000,0.00016783,1687222197744,True,True
419812341,0.06455000,0.02120000,0.00136846,1687222197744,True,True
419812342,0.06455000,0.00200000,0.00012910,1687222197744,True,True
419812343,0.06455000,0.02030000,0.00131036,1687222197744,True,True
419812344,0.06455000,0.27580000,0.01780289,1687222197744,True,True
419812345,0.06455000,0.01220000,0.00078751,1687222197744,True,True
419812346,0.06455000,0.02620000,0.00169121,1687222197744,True,True
419812347,0.06455000,0.50480000,0.03258484,1687222197954,True,True
419812348,0.06455000,0.01480000,0.00095534,1687222197954,True,True
419812349,0.06455000,0.00210000,0.00013555,1687222197954,True,True
419812350,0.06455000,0.01680000,0.00108444,1687222197954,True,True
419812351,0.06455000,0.00210000,0.00013555,1687222197954,True,True
419812352,0.06455000,0.00180000,0.00011619,1687222197954,True,True
419812353,0.06455000,0.01690000,0.00109089,1687222197954,True,True
419812354,0.06455000,0.01670000,0.00107798,1687222197954,True,True
419812355,0.06455000,0.00330000,0.00021301,1687222198296,True,True
419812356,0.06455000,0.00230000,0.00014846,1687222198296,True,True
419812357,0.06455000,0.51860000,0.03347563,1687222198296,True,True
419812358,0.06455000,1.29380000,0.08351479,1687222198690,True,True
419812359,0.06455000,0.02170000,0.00140073,1687222199988,True,True
419812360,0.06455000,0.02180000,0.00140719,1687222200170,True,True
419812361,0.06455000,0.00810000,0.00052285,1687222200261,True,True
419812362,0.06455000,0.17040000,0.01099932,1687222202363,True,True
419812363,0.06455000,0.34180000,0.02206319,1687222205059,False,True
419812364,0.06454000,0.00950000,0.00061313,1687222208425,True,True
419812365,0.06454000,0.00260000,0.00016780,1687222208425,True,True
419812366,0.06454000,0.00160000,0.00010326,1687222208425,True,True
419812367,0.06454000,0.03120000,0.00201364,1687222208425,True,True
419812368,0.06454000,0.00170000,0.00010971,1687222208425,True,True
419812369,0.06454000,0.11320000,0.00730592,1687222208425,True,True
419812370,0.06454000,0.03180000,0.00205237,1687222208425,True,True
419812371,0.06454000,0.00170000,0.00010971,1687222208425,True,True
419812372,0.06454000,0.00270000,0.00017425,1687222208425,True,True
419812373,0.06454000,0.01100000,0.00070994,1687222208425,True,True
419812374,0.06454000,0.01550000,0.00100037,1687222208425,True,True
419812375,0.06454000,0.00190000,0.00012262,1687222208425,True,True
419812376,0.06454000,0.00200000,0.00012908,1687222208425,True,True
419812377,0.06454000,0.02140000,0.00138115,1687222208425,True,True
419812378,0.06454000,0.00190000,0.00012262,1687222208425,True,True
419812379,0.06454000,0.00810000,0.00052277,1687222208425,True,True
419812380,0.06454000,0.55520000,0.03583260,1687222208425,True,True
419812381,0.06454000,0.00170000,0.00010971,1687222208425,True,True
419812382,0.06454000,0.06160000,0.00397566,1687222208425,True,True
419812383,0.06454000,0.03320000,0.00214272,1687222208425,True,True
419812384,0.06454000,0.00450000,0.00029043,1687222208425,True,True
419812385,0.06454000,0.00670000,0.00043241,1687222208425,True,True
419812386,0.06454000,0.10980000,0.00708649,1687222208425,True,True
419812387,0.06454000,0.15700000,0.01013278,1687222208425,True,True
419812388,0.06454000,0.00200000,0.00012908,1687222208425,True,True
419812389,0.06454000,0.01690000,0.00109072,1687222208425,True,True
419812390,0.06454000,0.00630000,0.00040660,1687222208425,True,True
419812391,0.06454000,0.01270000,0.00081965,1687222208425,True,True
419812392,0.06454000,0.03080000,0.00198783,1687222208425,True,True
419812393,0.06454000,0.15000000,0.00968100,1687222208425,True,True
419812394,0.06454000,0.81270000,0.05245165,1687222208425,True,True
419812395,0.06454000,0.08000000,0.00516320,1687222208425,True,True
419812396,0.06454000,0.40000000,0.02581600,1687222208425,True,True
419812397,0.06453000,0.08070000,0.00520757,1687222209990,True,True
419812398,0.06453000,0.07890000,0.00509141,1687222209990,True,True
419812399,0.06454000,0.80890000,0.05220640,1687222210059,False,True
419812400,0.06454000,0.03650000,0.00235571,1687222212062,False,True
419812401,0.06454000,0.00630000,0.00040660,1687222215073,False,True
419812402,0.06454000,0.01260000,0.00081320,1687222215082,False,True
419812403,0.06454000,0.00630000,0.00040660,1687222222200,False,True
419812404,0.06454000,0.01260000,0.00081320,1687222222233,False,True
419812405,0.06454000,0.00630000,0.00040660,1687222223142,False,True
419812406,0.06454000,0.01260000,0.00081320,1687222223152,False,True
419812407,0.06454000,0.01710000,0.00110363,1687222225040,False,True
419812408,0.06454000,0.09350000,0.00603449,1687222225040,False,True
419812409,0.06454000,0.01260000,0.00081320,1687222227127,False,True
419812410,0.06454000,0.00630000,0.00040660,1687222227327,False,True
419812411,0.06454000,0.00630000,0.00040660,1687222228372,False,True
419812412,0.06454000,0.01260000,0.00081320,1687222228561,False,True
419812413,0.06454000,0.00630000,0.00040660,1687222231307,False,True
419812414,0.06454000,0.01260000,0.00081320,1687222231323,False,True
419812415,0.06454000,0.00630000,0.00040660,1687222233865,False,True
419812416,0.06454000,0.01260000,0.00081320,1687222233873,False,True
419812417,0.06453000,0.03650000,0.00235534,1687222233900,True,True
419812418,0.06454000,0.00630000,0.00040660,1687222234950,False,True
419812419,0.06454000,0.01260000,0.00081320,1687222234960,False,True
419812420,0.06454000,0.00630000,0.00040660,1687222235752,False,True
419812421,0.06454000,0.01260000,0.00081320,1687222235811,False,True
419812422,0.06454000,0.55910000,0.03608431,1687222236939,False,True
419812423,0.06454000,1.53200000,0.09887528,1687222236939,False,True
419812424,0.06454000,0.33650000,0.02171771,1687222236939,False,True
419812425,0.06454000,0.35000000,0.02258900,1687222236939,False,True
419812426,0.06454000,0.05860000,0.00378204,1687222238441,True,True
419812427,0.06455000,0.01690000,0.00109089,1687222242214,False,True
