@misc{defillama,
  title = {DefiLlama},
  author = {Anonymous},
  year = {Year Unknown},
  note = {\par Note: DefiLlama is a popular platform that provides real-time data and analytics for decentralized finance (DeFi) protocols and liquidity pools.},
  howpublished = {\url{https://defillama.com/}}
}

@misc{defi2023uniswap,
  title = {DeFi: Modeling and Forecasting Trading Volume on Uniswap v3 Liquidity Pools},
  author = {Anonymous},
  year = {2023},
  note = {\par Note: This project is inspired by the above paper, from which the main methodology is borrowed, replicated, and expanded.},
  howpublished = {\url{https://ssrn.com/abstract=444535}}
}

@misc{defi-modeling-2023,
  title = {DeFi: Modeling and Forecasting Trading Volume on Uniswap v3 Liquidity Pools},
  author = {Anonymous},
  year = {2023},
  note = {\par Note: This project is inspired by the above paper, from which the main methodology is borrowed, replicated, and expanded.},
  howpublished = {\url{https://ssrn.com/abstract=444535}}
}

@misc{data-extracted-2023,
  title = {Data Extracted and Cleansed},
  author = {Anonymous},
  year = {2023},
  note = {\par Note: The dataset used in this project was obtained through data extraction and cleansing processes.},
  howpublished = {\url{https://drive.google.com/drive/folders/1y5ZwLZK9GQYsCNYSY--4VQMg80dnuwuU?usp=sharing}}
}

@misc{github-repo,
  title = {GitHub Repository},
  author = {Anonymous},
  year = {2023},
  note = {\par Note: The GitHub repository associated with this project contains the code and additional details.},
  howpublished = {\url{https://github.gatech.edu/MGT-6203-Summer-2023-Canvas/Team-111/tree/main/Code}}
}

@misc{uniswap_graph_api,
  author = {Uniswap},
  title = {The Graph API},
  howpublished = {\url{https://api.thegraph.com/subgraphs/name/uniswap/uniswap-v3}},
  note = {Accessed: yyyy-mm-dd}
}

@misc{etherscan_api,
  author = {Etherscan},
  title = {API},
  howpublished = {\url{https://api.etherscan.io/api}},
  note = {Accessed: yyyy-mm-dd}
}

@misc{binance_cex_data,
  author = {Binance},
  title = {CEX Data for ETHBTC},
  howpublished = {\url{https://github.com/binance/binance-public-data/blob/master/python/README.md}},
  note = {Accessed: yyyy-mm-dd}
}

@article{makarov2021cryptocurrencies,
  title={Cryptocurrencies and Decentralized Finance (DeFi)},
  author={Makarov, Igor and Schoar, Antoinette},
  journal={NBER Working Paper No. 28955},
  year={2021}
}

@inproceedings{ideal-crypto-law-2023,
  title={An Ideal Crypto Law for Liquidity Pools},
  author={Anonymous},
  booktitle={Proceedings of the XYZ Conference on DeFi},
  year={2023}
}

@article{impermanentloss2023,
  title={Impermanent Loss and Risk Profile of a Liquidity Provider},
  author={Anonymous},
  journal={Journal of Decentralized Finance},
  year={2023}
}

@article{yieldfarming2023,
  title={Reap the Harvest on Blockchain: A Survey of Yield Farming Protocols},
  author={Anonymous},
  journal={Journal of Cryptoeconomic Systems},
  year={2023}
}

@article{yield_farming_protocols,
  title={Reap the Harvest on Blockchain: A Survey of Yield Farming Protocols},
  author={Anonymous},
  journal={Journal of Cryptoeconomic Systems},
  year={2023}
}

@article{risks_returns_uniswap,
  title={Risks and Returns of Uniswap V3 Liquidity Providers},
  author={Anonymous},
  journal={Journal of Cryptocurrency and DeFi Studies},
  year={2023}
}

@article{risksreturns2023,
  title={Risks and Returns of Uniswap V3 Liquidity Providers},
  author={Anonymous},
  journal={Journal of Cryptocurrency and DeFi Studies},
  year={2023}
}

@article{uniswapv3math2023,
  title={Mathematical Analysis of Uniswap v3 Liquidity Pools},
  author={Anonymous},
  journal={Journal of Mathematical Cryptoeconomics},
  year={2023}
}

@inproceedings{defi-characterisation-2023,
  title={DEFI: Data-Driven Characterisation of Uniswap V3 Ecosystem},
  author={Anonymous},
  booktitle={Proceedings of the XYZ Conference on DeFi},
  year={2023}
}
